@ARTICLE{Dubois_2014,
       author = {{Dubois}, Y. and {Pichon}, C. and {Welker}, C. and {Le Borgne}, D. and
         {Devriendt}, J. and {Laigle}, C. and {Codis}, S. and {Pogosyan}, D. and
         {Arnouts}, S. and {Benabed}, K. and {Bertin}, E. and {Blaizot}, J. and
         {Bouchet}, F. and {Cardoso}, J. -F. and {Colombi}, S. and
         {de Lapparent}, V. and {Desjacques}, V. and {Gavazzi}, R. and
         {Kassin}, S. and {Kimm}, T. and {McCracken}, H. and {Milliard}, B. and
         {Peirani}, S. and {Prunet}, S. and {Rouberol}, S. and {Silk}, J. and
         {Slyz}, A. and {Sousbie}, T. and {Teyssier}, R. and {Tresse}, L. and
         {Treyer}, M. and {Vibert}, D. and {Volonteri}, M.},
        title = "{Dancing in the dark: galactic properties trace spin swings along the cosmic web}",
      journal = {\mnras},
     keywords = {methods: numerical, galaxies: evolution, galaxies: formation, galaxies: kinematics and dynamics, cosmology: theory, large-scale structure of Universe, Astrophysics - Cosmology and Nongalactic Astrophysics},
         year = 2014,
        month = oct,
       volume = {444},
       number = {2},
        pages = {1453-1468},
          doi = {10.1093/mnras/stu1227},
archivePrefix = {arXiv},
       eprint = {1402.1165},
 primaryClass = {astro-ph.CO},
       adsurl = {https://ui.adsabs.harvard.edu/abs/2014MNRAS.444.1453D},
  }
  
 @ARTICLE{Komatsu_2011,
       author = {{Komatsu}, E. and {Smith}, K.~M. and {Dunkley}, J. and {Bennett}, C.~L. and
         {Gold}, B. and {Hinshaw}, G. and {Jarosik}, N. and {Larson}, D. and
         {Nolta}, M.~R. and {Page}, L. and {Spergel}, D.~N. and {Halpern}, M. and
         {Hill}, R.~S. and {Kogut}, A. and {Limon}, M. and {Meyer}, S.~S. and
         {Odegard}, N. and {Tucker}, G.~S. and {Weiland}, J.~L. and
         {Wollack}, E. and {Wright}, E.~L.},
        title = "{Seven-year Wilkinson Microwave Anisotropy Probe (WMAP) Observations: Cosmological Interpretation}",
      journal = {\apjs},
     keywords = {cosmic background radiation, cosmology: observations, dark matter, early universe, space vehicles, Astrophysics - Cosmology and Extragalactic Astrophysics},
         year = 2011,
        month = feb,
       volume = {192},
       number = {2},
          eid = {18},
        pages = {18},
          doi = {10.1088/0067-0049/192/2/18},
archivePrefix = {arXiv},
       eprint = {1001.4538},
 primaryClass = {astro-ph.CO},
       adsurl = {https://ui.adsabs.harvard.edu/abs/2011ApJS..192...18K},
      adsnote = {Provided by the SAO/NASA Astrophysics Data System}
}

@ARTICLE{Teyssier_2002,
       author = {{Teyssier}, R.},
        title = "{Cosmological hydrodynamics with adaptive mesh refinement. A new high resolution code called RAMSES}",
      journal = {\aap},
     keywords = {GRAVITATION, HYDRODYNAMICS, METHODS: NUMERICAL, COSMOLOGY: THEORY, COSMOLOGY: LARGE-SCALE STRUCTURE OF UNIVERSE, Astrophysics},
         year = 2002,
        month = apr,
       volume = {385},
        pages = {337-364},
          doi = {10.1051/0004-6361:20011817},
archivePrefix = {arXiv},
       eprint = {astro-ph/0111367},
 primaryClass = {astro-ph},
       adsurl = {https://ui.adsabs.harvard.edu/abs/2002A&A...385..337T},
      adsnote = {Provided by the SAO/NASA Astrophysics Data System}
}

@ARTICLE{Rasera_2006,
       author = {{Rasera}, Y. and {Teyssier}, R.},
        title = "{The history of the baryon budget. Cosmic logistics in a hierarchical universe}",
      journal = {\aap},
     keywords = {galaxies: formation, galaxies: stellar content, cosmology:, theory, methods: analytical, methods: numerical, galaxies: evolution, Astrophysics},
         year = 2006,
        month = jan,
       volume = {445},
       number = {1},
        pages = {1-27},
          doi = {10.1051/0004-6361:20053116},
archivePrefix = {arXiv},
       eprint = {astro-ph/0505473},
 primaryClass = {astro-ph},
       adsurl = {https://ui.adsabs.harvard.edu/abs/2006A&A...445....1R},
      adsnote = {Provided by the SAO/NASA Astrophysics Data System}
}

@ARTICLE{Dubois_2008,
       author = {{Dubois}, Y. and {Teyssier}, R.},
        title = "{On the onset of galactic winds in quiescent star forming galaxies}",
      journal = {\aap},
     keywords = {galaxies: formation, galaxies: evolution, galaxies: structure, methods: numerical, Astrophysics},
         year = 2008,
        month = jan,
       volume = {477},
       number = {1},
        pages = {79-94},
          doi = {10.1051/0004-6361:20078326},
archivePrefix = {arXiv},
       eprint = {0707.3376},
 primaryClass = {astro-ph},
       adsurl = {https://ui.adsabs.harvard.edu/abs/2008A&A...477...79D},
      adsnote = {Provided by the SAO/NASA Astrophysics Data System}
}

@phdthesis{taysun2012a,
  year = {2012},
  edition = {},
  number = {},
  journal = {},
  pages = {},
  publisher = {Oxford University, UK},
  school = {Oxford University, UK},
  title = {On the importance of feedback in the stream-fed high redshift universe},
  volume = {},
  author = {Kimm, Taysun},
  editor = {},
  series = {}
}

@ARTICLE{Aubert_2004,
       author = {{Aubert}, D. and {Pichon}, C. and {Colombi}, S.},
        title = "{The origin and implications of dark matter anisotropic cosmic infall on \raisebox{-0.5ex}\textasciitildeL$_{*}$ haloes}",
      journal = {\mnras},
     keywords = {galaxies: formation, galaxies: haloes, dark matter, Astrophysics},
         year = 2004,
        month = aug,
       volume = {352},
       number = {2},
        pages = {376-398},
          doi = {10.1111/j.1365-2966.2004.07883.x},
archivePrefix = {arXiv},
       eprint = {astro-ph/0402405},
 primaryClass = {astro-ph},
       adsurl = {https://ui.adsabs.harvard.edu/abs/2004MNRAS.352..376A},
      adsnote = {Provided by the SAO/NASA Astrophysics Data System}
}


@ARTICLE{Tweed_2009,
       author = {{Tweed}, D. and {Devriendt}, J. and {Blaizot}, J. and {Colombi}, S. and
         {Slyz}, A.},
        title = "{Building merger trees from cosmological N-body simulations. Towards improving galaxy formation models using subhaloes}",
      journal = {\aap},
     keywords = {methods: numerical, methods: N-body simulations, cosmology: large-scale structure of Universe, Astrophysics - Cosmology and Extragalactic Astrophysics},
         year = 2009,
        month = nov,
       volume = {506},
       number = {2},
        pages = {647-660},
          doi = {10.1051/0004-6361/200911787},
archivePrefix = {arXiv},
       eprint = {0902.0679},
 primaryClass = {astro-ph.CO},
       adsurl = {https://ui.adsabs.harvard.edu/abs/2009A&A...506..647T},
      adsnote = {Provided by the SAO/NASA Astrophysics Data System}
}

@ARTICLE{Gunn_1972,
       author = {{Gunn}, James E. and {Gott}, J. Richard, III},
        title = "{On the Infall of Matter Into Clusters of Galaxies and Some Effects on Their Evolution}",
      journal = {\apj},
         year = 1972,
        month = aug,
       volume = {176},
        pages = {1},
          doi = {10.1086/151605},
       adsurl = {https://ui.adsabs.harvard.edu/abs/1972ApJ...176....1G},
      adsnote = {Provided by the SAO/NASA Astrophysics Data System}
}

@ARTICLE{Power_2003,
       author = {{Power}, C. and {Navarro}, J.~F. and {Jenkins}, A. and {Frenk}, C.~S. and
         {White}, S.~D.~M. and {Springel}, V. and {Stadel}, J. and {Quinn}, T.},
        title = "{The inner structure of {\ensuremath{\Lambda}}CDM haloes - I. A numerical convergence study}",
      journal = {\mnras},
     keywords = {gravitation, cosmology: theory, dark matter, Astrophysics},
         year = 2003,
        month = jan,
       volume = {338},
       number = {1},
        pages = {14-34},
          doi = {10.1046/j.1365-8711.2003.05925.x},
archivePrefix = {arXiv},
       eprint = {astro-ph/0201544},
 primaryClass = {astro-ph},
       adsurl = {https://ui.adsabs.harvard.edu/abs/2003MNRAS.338...14P},
      adsnote = {Provided by the SAO/NASA Astrophysics Data System}
}

@ARTICLE{Chisari_2017,
       author = {{Chisari}, N.~E. and {Koukoufilippas}, N. and {Jindal}, A. and
         {Peirani}, S. and {Beckmann}, R.~S. and {Codis}, S. and
         {Devriendt}, J. and {Miller}, L. and {Dubois}, Y. and {Laigle}, C. and
         {Slyz}, A. and {Pichon}, C.},
        title = "{Galaxy-halo alignments in the Horizon-AGN cosmological hydrodynamical simulation}",
      journal = {\mnras},
     keywords = {gravitational lensing: weak, methods: numerical, large-scale structure of Universe, cosmology: theory, Astrophysics - Cosmology and Nongalactic Astrophysics},
         year = 2017,
        month = nov,
       volume = {472},
       number = {1},
        pages = {1163-1181},
          doi = {10.1093/mnras/stx1998},
archivePrefix = {arXiv},
       eprint = {1702.03913},
 primaryClass = {astro-ph.CO},
       adsurl = {https://ui.adsabs.harvard.edu/abs/2017MNRAS.472.1163C},
      adsnote = {Provided by the SAO/NASA Astrophysics Data System}
}

@ARTICLE{Bartlett_OffsetBH_2021,
       author = {{Bartlett}, Deaglan J. and {Desmond}, Harry and {Devriendt}, Julien and {Ferreira}, Pedro G. and {Slyz}, Adrianne},
        title = "{Spatially offset black holes in the Horizon-AGN simulation and comparison to observations}",
      journal = {\mnras},
     keywords = {black hole physics, methods: numerical, galaxies: active, galaxies: evolution, quasars: supermassive black holes, Astrophysics - Astrophysics of Galaxies, Astrophysics - Cosmology and Nongalactic Astrophysics},
         year = 2021,
        month = jan,
       volume = {500},
       number = {4},
        pages = {4639-4657},
          doi = {10.1093/mnras/staa3516},
archivePrefix = {arXiv},
       eprint = {2007.01353},
 primaryClass = {astro-ph.GA},
       adsurl = {https://ui.adsabs.harvard.edu/abs/2021MNRAS.500.4639B},
      adsnote = {Provided by the SAO/NASA Astrophysics Data System}
}


@ARTICLE{Bullock_2001,
       author = {{Bullock}, J.~S. and {Dekel}, A. and {Kolatt}, T.~S. and
         {Kravtsov}, A.~V. and {Klypin}, A.~A. and {Porciani}, C. and
         {Primack}, J.~R.},
        title = "{A Universal Angular Momentum Profile for Galactic Halos}",
      journal = {\apj},
     keywords = {Cosmology: Dark Matter, Galaxies: Formation, Galaxies: Halos, Galaxies: Structure, Astrophysics},
         year = 2001,
        month = jul,
       volume = {555},
       number = {1},
        pages = {240-257},
          doi = {10.1086/321477},
archivePrefix = {arXiv},
       eprint = {astro-ph/0011001},
 primaryClass = {astro-ph},
       adsurl = {https://ui.adsabs.harvard.edu/abs/2001ApJ...555..240B},
      adsnote = {Provided by the SAO/NASA Astrophysics Data System}
}

@ARTICLE{Navarro_1996,
       author = {{Navarro}, Julio F. and {Frenk}, Carlos S. and {White}, Simon D.~M.},
        title = "{The Structure of Cold Dark Matter Halos}",
      journal = {\apj},
     keywords = {COSMOLOGY: THEORY, COSMOLOGY: DARK MATTER, GALAXIES: HALOS, METHODS: NUMERICAL, Astrophysics},
         year = 1996,
        month = may,
       volume = {462},
        pages = {563},
          doi = {10.1086/177173},
archivePrefix = {arXiv},
       eprint = {astro-ph/9508025},
 primaryClass = {astro-ph},
       adsurl = {https://ui.adsabs.harvard.edu/abs/1996ApJ...462..563N},
      adsnote = {Provided by the SAO/NASA Astrophysics Data System}
}


@ARTICLE{Bartlett_fRHAGN_2021,
       author = {{Bartlett}, D.~J. and {Desmond}, H. and {Ferreira}, P.~G.},
        title = "{Calibrating galaxy formation effects in galactic tests of fundamental physics}",
      journal = {\prd},
     keywords = {Astrophysics - Cosmology and Nongalactic Astrophysics, Astrophysics - Astrophysics of Galaxies, General Relativity and Quantum Cosmology},
         year = 2021,
        month = jun,
       volume = {103},
       number = {12},
          eid = {123502},
        pages = {123502},
          doi = {10.1103/PhysRevD.103.123502},
archivePrefix = {arXiv},
       eprint = {2103.10356},
 primaryClass = {astro-ph.CO},
       adsurl = {https://ui.adsabs.harvard.edu/abs/2021PhRvD.103l3502B},
      adsnote = {Provided by the SAO/NASA Astrophysics Data System}
}

@ARTICLE{Dubois_2013,
       author = {{Dubois}, Yohan and {Pichon}, Christophe and {Devriendt}, Julien and {Silk}, Joseph and {Haehnelt}, Martin and {Kimm}, Taysun and {Slyz}, Adrianne},
        title = "{Blowing cold flows away: the impact of early AGN activity on the formation of a brightest cluster galaxy progenitor}",
      journal = {\mnras},
     keywords = {methods: numerical, galaxies: active, galaxies: formation, galaxies: haloes, galaxies: high-redshift, cosmology: theory, Astrophysics - Cosmology and Nongalactic Astrophysics},
         year = 2013,
        month = feb,
       volume = {428},
       number = {4},
        pages = {2885-2900},
          doi = {10.1093/mnras/sts224},
archivePrefix = {arXiv},
       eprint = {1206.5838},
 primaryClass = {astro-ph.CO},
       adsurl = {https://ui.adsabs.harvard.edu/abs/2013MNRAS.428.2885D},
      adsnote = {Provided by the SAO/NASA Astrophysics Data System}
}

@ARTICLE{Chisari_2015,
       author = {{Chisari}, N. and {Codis}, S. and {Laigle}, C. and {Dubois}, Y. and {Pichon}, C. and {Devriendt}, J. and {Slyz}, A. and {Miller}, L. and {Gavazzi}, R. and {Benabed}, K.},
        title = "{Intrinsic alignments of galaxies in the Horizon-AGN cosmological hydrodynamical simulation}",
      journal = {\mnras},
     keywords = {gravitational lensing: weak, methods: numerical, cosmology: theory, large-scale structure of Universe, Astrophysics - Cosmology and Nongalactic Astrophysics},
         year = 2015,
        month = dec,
       volume = {454},
       number = {3},
        pages = {2736-2753},
          doi = {10.1093/mnras/stv2154},
archivePrefix = {arXiv},
       eprint = {1507.07843},
 primaryClass = {astro-ph.CO},
       adsurl = {https://ui.adsabs.harvard.edu/abs/2015MNRAS.454.2736C},
      adsnote = {Provided by the SAO/NASA Astrophysics Data System}
}


@Article{Geurts_2006_ExtraTrees,
  author       = "Geurts, Pierre and Ernst, Damien and Wehenkel, Louis",
  title        = "Extremely Randomized Trees",
  journal      = "Machine Learning",
  number       = "1",
  volume       = "36",
  pages        = "3-42",
  year         = "2006",
  keywords     = "machine learning",
  url          = "http://www.montefiore.ulg.ac.be/services/stochastic/pubs/2006/GEW06a"
}

@article{Breiman_2001_RandomForest,
author = {Breiman, Leo}, title = {Random Forests}, year = {2001}, issue_date = {October 1 2001}, publisher = {Kluwer Academic Publishers}, address = {USA}, volume = {45}, number = {1}, issn = {0885-6125}, url = {https://doi.org/10.1023/A:1010933404324}, doi = {10.1023/A:1010933404324}, abstract = {Random forests are a combination of tree predictors such that each tree depends on the values of a random vector sampled independently and with the same distribution for all trees in the forest. The generalization error for forests converges a.s. to a limit as the number of trees in the forest becomes large. The generalization error of a forest of tree classifiers depends on the strength of the individual trees in the forest and the correlation between them. Using a random selection of features to split each node yields error rates that compare favorably to Adaboost (Y. Freund & R. Schapire, Machine Learning: Proceedings of the Thirteenth International conference, ***, 148–156), but are more robust with respect to noise. Internal estimates monitor error, strength, and correlation and these are used to show the response to increasing the number of features used in the splitting. Internal estimates are also used to measure variable importance. These ideas are also applicable to regression.}, journal = {Mach. Learn.}, month = oct, pages = {5–32}, numpages = {28}, keywords = {ensemble, regression, classification}
}

@ARTICLE{UltraVISTA_2012,
       author = {{McCracken}, H.~J. and {Milvang-Jensen}, B. and {Dunlop}, J. and {Franx}, M. and {Fynbo}, J.~P.~U. and {Le F{\`e}vre}, O. and {Holt}, J. and {Caputi}, K.~I. and {Goranova}, Y. and {Buitrago}, F. and {Emerson}, J.~P. and {Freudling}, W. and {Hudelot}, P. and {L{\'o}pez-Sanjuan}, C. and {Magnard}, F. and {Mellier}, Y. and {M{\o}ller}, P. and {Nilsson}, K.~K. and {Sutherland}, W. and {Tasca}, L. and {Zabl}, J.},
        title = "{UltraVISTA: a new ultra-deep near-infrared survey in COSMOS}",
      journal = {\aap},
     keywords = {surveys, galaxies: general, galaxies: high-redshift, cosmology: observations, large-scale structure of Universe, Astrophysics - Cosmology and Extragalactic Astrophysics},
         year = 2012,
        month = aug,
       volume = {544},
          eid = {A156},
        pages = {A156},
          doi = {10.1051/0004-6361/201219507},
archivePrefix = {arXiv},
       eprint = {1204.6586},
 primaryClass = {astro-ph.CO},
       adsurl = {https://ui.adsabs.harvard.edu/abs/2012A&A...544A.156M},
      adsnote = {Provided by the SAO/NASA Astrophysics Data System}
}

@ARTICLE{Capak_2007,
       author = {{Capak}, P. and {Aussel}, H. and {Ajiki}, M. and {McCracken}, H.~J. and {Mobasher}, B. and {Scoville}, N. and {Shopbell}, P. and {Taniguchi}, Y. and {Thompson}, D. and {Tribiano}, S. and {Sasaki}, S. and {Blain}, A.~W. and {Brusa}, M. and {Carilli}, C. and {Comastri}, A. and {Carollo}, C.~M. and {Cassata}, P. and {Colbert}, J. and {Ellis}, R.~S. and {Elvis}, M. and {Giavalisco}, M. and {Green}, W. and {Guzzo}, L. and {Hasinger}, G. and {Ilbert}, O. and {Impey}, C. and {Jahnke}, K. and {Kartaltepe}, J. and {Kneib}, J. -P. and {Koda}, J. and {Koekemoer}, A. and {Komiyama}, Y. and {Leauthaud}, A. and {Le Fevre}, O. and {Lilly}, S. and {Liu}, C. and {Massey}, R. and {Miyazaki}, S. and {Murayama}, T. and {Nagao}, T. and {Peacock}, J.~A. and {Pickles}, A. and {Porciani}, C. and {Renzini}, A. and {Rhodes}, J. and {Rich}, M. and {Salvato}, M. and {Sanders}, D.~B. and {Scarlata}, C. and {Schiminovich}, D. and {Schinnerer}, E. and {Scodeggio}, M. and {Sheth}, K. and {Shioya}, Y. and {Tasca}, L.~A.~M. and {Taylor}, J.~E. and {Yan}, L. and {Zamorani}, G.},
        title = "{The First Release COSMOS Optical and Near-IR Data and Catalog}",
      journal = {\apjs},
     keywords = {Cosmology: Observations, Galaxies: Evolution, Cosmology: Large-Scale Structure of Universe, Surveys, Astrophysics},
         year = 2007,
        month = sep,
       volume = {172},
       number = {1},
        pages = {99-116},
          doi = {10.1086/519081},
archivePrefix = {arXiv},
       eprint = {0704.2430},
 primaryClass = {astro-ph},
       adsurl = {https://ui.adsabs.harvard.edu/abs/2007ApJS..172...99C},
      adsnote = {Provided by the SAO/NASA Astrophysics Data System}
}

@ARTICLE{Ilbert_2009,
       author = {{Ilbert}, O. and {Capak}, P. and {Salvato}, M. and {Aussel}, H. and {McCracken}, H.~J. and {Sanders}, D.~B. and {Scoville}, N. and {Kartaltepe}, J. and {Arnouts}, S. and {Le Floc'h}, E. and {Mobasher}, B. and {Taniguchi}, Y. and {Lamareille}, F. and {Leauthaud}, A. and {Sasaki}, S. and {Thompson}, D. and {Zamojski}, M. and {Zamorani}, G. and {Bardelli}, S. and {Bolzonella}, M. and {Bongiorno}, A. and {Brusa}, M. and {Caputi}, K.~I. and {Carollo}, C.~M. and {Contini}, T. and {Cook}, R. and {Coppa}, G. and {Cucciati}, O. and {de la Torre}, S. and {de Ravel}, L. and {Franzetti}, P. and {Garilli}, B. and {Hasinger}, G. and {Iovino}, A. and {Kampczyk}, P. and {Kneib}, J. -P. and {Knobel}, C. and {Kovac}, K. and {Le Borgne}, J.~F. and {Le Brun}, V. and {Le F{\`e}vre}, O. and {Lilly}, S. and {Looper}, D. and {Maier}, C. and {Mainieri}, V. and {Mellier}, Y. and {Mignoli}, M. and {Murayama}, T. and {Pell{\`o}}, R. and {Peng}, Y. and {P{\'e}rez-Montero}, E. and {Renzini}, A. and {Ricciardelli}, E. and {Schiminovich}, D. and {Scodeggio}, M. and {Shioya}, Y. and {Silverman}, J. and {Surace}, J. and {Tanaka}, M. and {Tasca}, L. and {Tresse}, L. and {Vergani}, D. and {Zucca}, E.},
        title = "{Cosmos Photometric Redshifts with 30-Bands for 2-deg$^{2}$}",
      journal = {\apj},
     keywords = {galaxies: distances and redshifts, galaxies: evolution, galaxies: formation, Astrophysics},
         year = 2009,
        month = jan,
       volume = {690},
       number = {2},
        pages = {1236-1249},
          doi = {10.1088/0004-637X/690/2/1236},
archivePrefix = {arXiv},
       eprint = {0809.2101},
 primaryClass = {astro-ph},
       adsurl = {https://ui.adsabs.harvard.edu/abs/2009ApJ...690.1236I},
      adsnote = {Provided by the SAO/NASA Astrophysics Data System}
}

@ARTICLE{Laigle_2019,
       author = {{Laigle}, C. and {Davidzon}, I. and {Ilbert}, O. and {Devriendt}, J. and {Kashino}, D. and {Pichon}, C. and {Capak}, P. and {Arnouts}, S. and {de la Torre}, S. and {Dubois}, Y. and {Gozaliasl}, G. and {Le Borgne}, D. and {Lilly}, S. and {McCracken}, H.~J. and {Salvato}, M. and {Slyz}, A.},
        title = "{Horizon-AGN virtual observatory - 1. SED-fitting performance and forecasts for future imaging surveys}",
      journal = {\mnras},
     keywords = {methods: observational, techniques: photometric, galaxies: evolution, galaxies: formation, Astrophysics - Astrophysics of Galaxies, Astrophysics - Cosmology and Nongalactic Astrophysics, Astrophysics - Instrumentation and Methods for Astrophysics},
         year = 2019,
        month = jul,
       volume = {486},
       number = {4},
        pages = {5104-5123},
          doi = {10.1093/mnras/stz1054},
archivePrefix = {arXiv},
       eprint = {1903.10934},
 primaryClass = {astro-ph.GA},
       adsurl = {https://ui.adsabs.harvard.edu/abs/2019MNRAS.486.5104L},
      adsnote = {Provided by the SAO/NASA Astrophysics Data System}
}

@ARTICLE{Kaviraj_2017,
       author = {{Kaviraj}, S. and {Laigle}, C. and {Kimm}, T. and {Devriendt}, J.~E.~G. and {Dubois}, Y. and {Pichon}, C. and {Slyz}, A. and {Chisari}, E. and {Peirani}, S.},
        title = "{The Horizon-AGN simulation: evolution of galaxy properties over cosmic time}",
      journal = {\mnras},
     keywords = {methods: numerical, galaxies: evolution, galaxies: formation, galaxies: high-redshift, cosmology: theory, large-scale structure of Universe, Astrophysics - Astrophysics of Galaxies},
         year = 2017,
        month = jun,
       volume = {467},
       number = {4},
        pages = {4739-4752},
          doi = {10.1093/mnras/stx126},
archivePrefix = {arXiv},
       eprint = {1605.09379},
 primaryClass = {astro-ph.GA},
       adsurl = {https://ui.adsabs.harvard.edu/abs/2017MNRAS.467.4739K},
      adsnote = {Provided by the SAO/NASA Astrophysics Data System}
}

@article{Hornik_universal_approximator,
title = {Multilayer feedforward networks are universal approximators},
journal = {Neural Networks},
volume = {2},
number = {5},
pages = {359-366},
year = {1989},
issn = {0893-6080},
doi = {https://doi.org/10.1016/0893-6080(89)90020-8},
url = {https://www.sciencedirect.com/science/article/pii/0893608089900208},
author = {Kurt Hornik and Maxwell Stinchcombe and Halbert White},
keywords = {Feedforward networks, Universal approximation, Mapping networks, Network representation capability, Stone-Weierstrass Theorem, Squashing functions, Sigma-Pi networks, Back-propagation networks},
abstract = {This paper rigorously establishes that standard multilayer feedforward networks with as few as one hidden layer using arbitrary squashing functions are capable of approximating any Borel measurable function from one finite dimensional space to another to any desired degree of accuracy, provided sufficiently many hidden units are available. In this sense, multilayer feedforward networks are a class of universal approximators.}
}

@ARTICLE{Rumelhart_backprop,
       author = {{Rumelhart}, David E. and {Hinton}, Geoffrey E. and {Williams}, Ronald J.},
        title = "{Learning representations by back-propagating errors}",
      journal = {\nat},
         year = 1986,
        month = oct,
       volume = {323},
       number = {6088},
        pages = {533-536},
          doi = {10.1038/323533a0},
       adsurl = {https://ui.adsabs.harvard.edu/abs/1986Natur.323..533R},
      adsnote = {Provided by the SAO/NASA Astrophysics Data System}}
      
@INPROCEEDINGS{Nix_mean_variance,  author={Nix, D.A. and Weigend, A.S.},  booktitle={Proceedings of 1994 IEEE International Conference on Neural Networks (ICNN'94)},   title={Estimating the mean and variance of the target probability distribution},   year={1994},  volume={1},  number={},  pages={55-60 vol.1},  doi={10.1109/ICNN.1994.374138}}

@inproceedings{Cheng_wide_deep, author = {Cheng, Heng-Tze and Koc, Levent and Harmsen, Jeremiah and Shaked, Tal and Chandra, Tushar and Aradhye, Hrishi and Anderson, Glen and Corrado, Greg and Chai, Wei and Ispir, Mustafa and Anil, Rohan and Haque, Zakaria and Hong, Lichan and Jain, Vihan and Liu, Xiaobing and Shah, Hemal}, title = {Wide & Deep Learning for Recommender Systems}, year = {2016}, isbn = {9781450347952}, publisher = {Association for Computing Machinery}, address = {New York, NY, USA}, url = {https://doi.org/10.1145/2988450.2988454}, doi = {10.1145/2988450.2988454}, abstract = {Generalized linear models with nonlinear feature transformations are widely used for large-scale regression and classification problems with sparse inputs. Memorization of feature interactions through a wide set of cross-product feature transformations are effective and interpretable, while generalization requires more feature engineering effort. With less feature engineering, deep neural networks can generalize better to unseen feature combinations through low-dimensional dense embeddings learned for the sparse features. However, deep neural networks with embeddings can over-generalize and recommend less relevant items when the user-item interactions are sparse and high-rank. In this paper, we present Wide & Deep learning---jointly trained wide linear models and deep neural networks---to combine the benefits of memorization and generalization for recommender systems. We productionized and evaluated the system on Google Play, a commercial mobile app store with over one billion active users and over one million apps. Online experiment results show that Wide & Deep significantly increased app acquisitions compared with wide-only and deep-only models. We have also open-sourced our implementation in TensorFlow.}, booktitle = {Proceedings of the 1st Workshop on Deep Learning for Recommender Systems}, pages = {7–10}, numpages = {4}, keywords = {Wide & Deep Learning, Recommender Systems}, location = {Boston, MA, USA}, series = {DLRS 2016} }

@ARTICLE{Moster_GalaxyNet,
       author = {{Moster}, Benjamin P. and {Naab}, Thorsten and {Lindstr{\"o}m}, Magnus and {O'Leary}, Joseph A.},
        title = "{GalaxyNet: Connecting galaxies and dark matter haloes with deep neural networks and reinforcement learning in large volumes}",
      journal = {\mnras},
     keywords = {methods: numerical, statistical, galaxies: evolution, formation, fundamental parameters, cosmology: large-scale structure of Universe, Astrophysics - Astrophysics of Galaxies, Physics - Data Analysis, Statistics and Probability},
         year = 2021,
        month = jun,
          doi = {10.1093/mnras/stab1449},
archivePrefix = {arXiv},
       eprint = {2005.12276},
 primaryClass = {astro-ph.GA},
       adsurl = {https://ui.adsabs.harvard.edu/abs/2021MNRAS.tmp.1690M},
      adsnote = {Provided by the SAO/NASA Astrophysics Data System}
}


@ARTICLE{Klambauer_SELU,
       author = {{Klambauer}, G{\"u}nter and {Unterthiner}, Thomas and {Mayr}, Andreas and {Hochreiter}, Sepp},
        title = "{Self-Normalizing Neural Networks}",
      journal = {arXiv e-prints},
     keywords = {Computer Science - Machine Learning, Statistics - Machine Learning},
         year = 2017,
        month = jun,
          eid = {arXiv:1706.02515},
        pages = {arXiv:1706.02515},
archivePrefix = {arXiv},
       eprint = {1706.02515},
 primaryClass = {cs.LG},
       adsurl = {https://ui.adsabs.harvard.edu/abs/2017arXiv170602515K},
      adsnote = {Provided by the SAO/NASA Astrophysics Data System}
}

@ARTICLE{Lakshminarayanan_deep_ensembles,
       author = {{Lakshminarayanan}, Balaji and {Pritzel}, Alexander and {Blundell}, Charles},
        title = "{Simple and Scalable Predictive Uncertainty Estimation using Deep Ensembles}",
      journal = {arXiv e-prints},
     keywords = {Statistics - Machine Learning, Computer Science - Machine Learning},
         year = 2016,
        month = dec,
          eid = {arXiv:1612.01474},
        pages = {arXiv:1612.01474},
archivePrefix = {arXiv},
       eprint = {1612.01474},
 primaryClass = {stat.ML},
       adsurl = {https://ui.adsabs.harvard.edu/abs/2016arXiv161201474L},
      adsnote = {Provided by the SAO/NASA Astrophysics Data System}
}

@ARTICLE{Szegedy_adversarial_examples,
       author = {{Szegedy}, Christian and {Zaremba}, Wojciech and {Sutskever}, Ilya and {Bruna}, Joan and {Erhan}, Dumitru and {Goodfellow}, Ian and {Fergus}, Rob},
        title = "{Intriguing properties of neural networks}",
      journal = {arXiv e-prints},
     keywords = {Computer Science - Computer Vision and Pattern Recognition, Computer Science - Machine Learning, Computer Science - Neural and Evolutionary Computing},
         year = 2013,
        month = dec,
          eid = {arXiv:1312.6199},
        pages = {arXiv:1312.6199},
archivePrefix = {arXiv},
       eprint = {1312.6199},
 primaryClass = {cs.CV},
       adsurl = {https://ui.adsabs.harvard.edu/abs/2013arXiv1312.6199S},
      adsnote = {Provided by the SAO/NASA Astrophysics Data System}
}

@ARTICLE{Goodfellow_adversarial_examples,
       author = {{Goodfellow}, Ian J. and {Shlens}, Jonathon and {Szegedy}, Christian},
        title = "{Explaining and Harnessing Adversarial Examples}",
      journal = {arXiv e-prints},
     keywords = {Statistics - Machine Learning, Computer Science - Machine Learning},
         year = 2014,
        month = dec,
          eid = {arXiv:1412.6572},
        pages = {arXiv:1412.6572},
archivePrefix = {arXiv},
       eprint = {1412.6572},
 primaryClass = {stat.ML},
       adsurl = {https://ui.adsabs.harvard.edu/abs/2014arXiv1412.6572G},
      adsnote = {Provided by the SAO/NASA Astrophysics Data System}
}


@InProceedings{Dietterich_ensembles,
author="Dietterich, Thomas G.",
title="Ensemble Methods in Machine Learning",
booktitle="Multiple Classifier Systems",
year="2000",
publisher="Springer Berlin Heidelberg",
address="Berlin, Heidelberg",
pages="1--15",
abstract="Ensemble methods are learning algorithms that construct a set of classifiers and then classify new data points by taking a (weighted) vote of their predictions. The original ensemble method is Bayesian averaging, but more recent algorithms include error-correcting output coding, Bagging, and boosting. This paper reviews these methods and explains why ensembles can often perform better than any single classifier. Some previous studies comparing ensemble methods are reviewed, and some new experiments are presented to uncover the reasons that Adaboost does not overfit rapidly.",
isbn="978-3-540-45014-6"
}

@misc{tensorflow2015-whitepaper,
title={ {TensorFlow}: Large-Scale Machine Learning on Heterogeneous Systems},
url={https://www.tensorflow.org/},
note={Software available from tensorflow.org},
author={
    Mart\'{\i}n~Abadi and
    Ashish~Agarwal and
    Paul~Barham and
    Eugene~Brevdo and
    Zhifeng~Chen and
    Craig~Citro and
    Greg~S.~Corrado and
    Andy~Davis and
    Jeffrey~Dean and
    Matthieu~Devin and
    Sanjay~Ghemawat and
    Ian~Goodfellow and
    Andrew~Harp and
    Geoffrey~Irving and
    Michael~Isard and
    Yangqing Jia and
    Rafal~Jozefowicz and
    Lukasz~Kaiser and
    Manjunath~Kudlur and
    Josh~Levenberg and
    Dandelion~Man\'{e} and
    Rajat~Monga and
    Sherry~Moore and
    Derek~Murray and
    Chris~Olah and
    Mike~Schuster and
    Jonathon~Shlens and
    Benoit~Steiner and
    Ilya~Sutskever and
    Kunal~Talwar and
    Paul~Tucker and
    Vincent~Vanhoucke and
    Vijay~Vasudevan and
    Fernanda~Vi\'{e}gas and
    Oriol~Vinyals and
    Pete~Warden and
    Martin~Wattenberg and
    Martin~Wicke and
    Yuan~Yu and
    Xiaoqiang~Zheng},
  year={2015},
}

@ARTICLE{TensorFlow_probability,
       author = {{Dillon}, Joshua V. and {Langmore}, Ian and {Tran}, Dustin and {Brevdo}, Eugene and {Vasudevan}, Srinivas and {Moore}, Dave and {Patton}, Brian and {Alemi}, Alex and {Hoffman}, Matt and {Saurous}, Rif A.},
        title = "{TensorFlow Distributions}",
      journal = {arXiv e-prints},
     keywords = {Computer Science - Machine Learning, Computer Science - Artificial Intelligence, Computer Science - Programming Languages, Statistics - Machine Learning},
         year = 2017,
        month = nov,
          eid = {arXiv:1711.10604},
        pages = {arXiv:1711.10604},
archivePrefix = {arXiv},
       eprint = {1711.10604},
 primaryClass = {cs.LG},
       adsurl = {https://ui.adsabs.harvard.edu/abs/2017arXiv171110604D},
      adsnote = {Provided by the SAO/NASA Astrophysics Data System}
}

@ARTICLE{projected_gradient_descent,
       author = {{Madry}, Aleksander and {Makelov}, Aleksandar and {Schmidt}, Ludwig and {Tsipras}, Dimitris and {Vladu}, Adrian},
        title = "{Towards Deep Learning Models Resistant to Adversarial Attacks}",
      journal = {arXiv e-prints},
     keywords = {Statistics - Machine Learning, Computer Science - Machine Learning, Computer Science - Neural and Evolutionary Computing},
         year = 2017,
        month = jun,
          eid = {arXiv:1706.06083},
        pages = {arXiv:1706.06083},
archivePrefix = {arXiv},
       eprint = {1706.06083},
 primaryClass = {stat.ML},
       adsurl = {https://ui.adsabs.harvard.edu/abs/2017arXiv170606083M},
      adsnote = {Provided by the SAO/NASA Astrophysics Data System}
}

@inproceedings {lecun-98b,
original =    "orig/lecun-98b.ps.gz",
author = 	"LeCun, Y. and Bottou, L. and Orr, G. and Muller, K.",
title = 	"Efficient BackProp",
booktitle =	"Neural Networks: Tricks of the trade",
editor =        "Orr, G. and Muller K.",
publisher =     "Springer",
year =		1998
}

@InProceedings{bishop_regression,
author="Bishop, Christopher M.
and Qazaz, Cazhaow S.",
editor="von der Malsburg, Christoph
and von Seelen, Werner
and Vorbr{\"u}ggen, Jan C.
and Sendhoff, Bernhard",
title="Bayesian inference of noise levels in regression",
booktitle="Artificial Neural Networks --- ICANN 96",
year="1996",
publisher="Springer Berlin Heidelberg",
address="Berlin, Heidelberg",
pages="59--64",
abstract="In most treatments of the regression problem it is assumed that the distribution of target data can be described by a deterministic function of the inputs, together with additive Gaussian noise having constant variance. The use of maximum likelihood to train such models then corresponds to the minimization of a sum-of-squares error function. In many applications a more realistic model would allow the noise variance itself to depend on the input variables. However, the use of maximum likelihood for training such models would give highly biased results. In this paper we show how a Bayesian treatment can allow for an input-dependent variance while overcoming the bias of maximum likelihood.",
isbn="978-3-540-68684-2"
}

@article{pearson_PCA,
author = { Karl   Pearson   F.R.S. },
title = {LIII. On lines and planes of closest fit to systems of points in space},
journal = {The London, Edinburgh, and Dublin Philosophical Magazine and Journal of Science},
volume = {2},
number = {11},
pages = {559-572},
year  = {1901},
publisher = {Taylor & Francis},
doi = {10.1080/14786440109462720},

URL = { 
        https://doi.org/10.1080/14786440109462720
    
},
eprint = { 
        https://doi.org/10.1080/14786440109462720
    
}}

@article{hotelling_PCA,
 ISSN = {00063444},
 URL = {http://www.jstor.org/stable/2333955},
 author = {Harold Hotelling},
 journal = {Biometrika},
 number = {3/4},
 pages = {321--377},
 publisher = {[Oxford University Press, Biometrika Trust]},
 title = {Relations Between Two Sets of Variates},
 volume = {28},
 year = {1936}
}

@ARTICLE{Adam_Kingma,
       author = {{Kingma}, Diederik P. and {Ba}, Jimmy},
        title = "{Adam: A Method for Stochastic Optimization}",
      journal = {arXiv e-prints},
     keywords = {Computer Science - Machine Learning},
         year = 2014,
        month = dec,
          eid = {arXiv:1412.6980},
        pages = {arXiv:1412.6980},
archivePrefix = {arXiv},
       eprint = {1412.6980},
 primaryClass = {cs.LG},
       adsurl = {https://ui.adsabs.harvard.edu/abs/2014arXiv1412.6980K},
      adsnote = {Provided by the SAO/NASA Astrophysics Data System}
}

@article{Buchner_2014,
	Author = {Buchner, Johannes},
	Journal = {Statistics and Computing},
	Number = {1},
	Pages = {383--392},
	Title = {A statistical test for Nested Sampling algorithms},
	Volume = {26},
	Year = {2016}
}

@misc{Buchner_2017,
       author = {{Buchner}, Johannes},
        _title = "{Collaborative Nested Sampling: Big Data vs. complex physical models}",
      _journal = {arXiv e-prints},
     keywords = {Statistics - Computation, Astrophysics - Instrumentation and Methods for Astrophysics, Physics - Data Analysis, Statistics and Probability, Statistics - Machine Learning},
         year = 2017,
        month = jul,
          eid = {arXiv:1707.04476},
        pages = {arXiv:1707.04476},
archivePrefix = {arXiv},
       eprint = {1707.04476},
 _primaryClass = {stat.CO},
       adsurl = {https://ui.adsabs.harvard.edu/abs/2017arXiv170704476B},
      adsnote = {Provided by the SAO/NASA Astrophysics Data System}
}

@ARTICLE{Buchner_2021,
       author = {{Buchner}, Johannes},
        _title = "{UltraNest - a robust, general purpose Bayesian inference engine}",
      journal = {The Journal of Open Source Software},
     keywords = {C, Monte Carlo, Python, Nested Sampling, C++, Bayesian inference, Fortran, Bayes factors, Statistics - Computation, Astrophysics - Instrumentation and Methods for Astrophysics},
         year = 2021,
        month = apr,
       volume = {6},
       number = {60},
          eid = {3001},
        pages = {3001},
          doi = {10.21105/joss.03001},
_archivePrefix = {arXiv},
       _eprint = {2101.09604},
 _primaryClass = {stat.CO},
       adsurl = {https://ui.adsabs.harvard.edu/abs/2021JOSS....6.3001B},
      adsnote = {Provided by the SAO/NASA Astrophysics Data System}
}

@ARTICLE{Kravtsov_2013,
       author = {{Kravtsov}, Andrey V.},
        title = "{The Size-Virial Radius Relation of Galaxies}",
      journal = {\apjl},
     keywords = {galaxies: formation, galaxies: halos, galaxies: structure, Astrophysics - Cosmology and Nongalactic Astrophysics, Astrophysics - Astrophysics of Galaxies},
         year = 2013,
        month = feb,
       volume = {764},
       number = {2},
          eid = {L31},
        pages = {L31},
          doi = {10.1088/2041-8205/764/2/L31},
archivePrefix = {arXiv},
       eprint = {1212.2980},
 primaryClass = {astro-ph.CO},
       adsurl = {https://ui.adsabs.harvard.edu/abs/2013ApJ...764L..31K},
      adsnote = {Provided by the SAO/NASA Astrophysics Data System}
}

@ARTICLE{MMW_1998,
       author = {{Mo}, H.~J. and {Mao}, Shude and {White}, Simon D.~M.},
        title = "{The formation of galactic discs}",
      journal = {\mnras},
     keywords = {GALAXIES: FORMATION, GALAXIES: SPIRAL, GALAXIES: STRUCTURE, COSMOLOGY: THEORY, DARK MATTER, Astrophysics},
         year = 1998,
        month = apr,
       volume = {295},
       number = {2},
        pages = {319-336},
          doi = {10.1046/j.1365-8711.1998.01227.x},
archivePrefix = {arXiv},
       eprint = {astro-ph/9707093},
 primaryClass = {astro-ph},
       adsurl = {https://ui.adsabs.harvard.edu/abs/1998MNRAS.295..319M},
      adsnote = {Provided by the SAO/NASA Astrophysics Data System}
}


@ARTICLE{Yang_2021,
       author = {{Yang}, Hang and {Gao}, Liang and {Frenk}, Carlos S. and {Grand}, Robert J.~J. and {Guo}, Qi and {Liao}, Shihong and {Shao}, Shi},
        title = "{The galaxy size to halo spin relation of disk galaxies in cosmological hydrodynamical simulations}",
      journal = {arXiv e-prints},
     keywords = {Astrophysics - Astrophysics of Galaxies},
         year = 2021,
        month = oct,
          eid = {arXiv:2110.04434},
        pages = {arXiv:2110.04434},
archivePrefix = {arXiv},
       eprint = {2110.04434},
 primaryClass = {astro-ph.GA},
       adsurl = {https://ui.adsabs.harvard.edu/abs/2021arXiv211004434Y},
      adsnote = {Provided by the SAO/NASA Astrophysics Data System}
}

@ARTICLE{Desmond_2017,
       author = {{Desmond}, Harry and {Mao}, Yao-Yuan and {Wechsler}, Risa H. and {Crain}, Robert A. and {Schaye}, Joop},
        title = "{On the galaxy-halo connection in the EAGLE simulation}",
      journal = {\mnras},
     keywords = {galaxies: formation, galaxies: fundamental parameters, galaxies: haloes, galaxies: kinematics and dynamics, galaxies: statistics, dark matter, Astrophysics - Astrophysics of Galaxies},
         year = 2017,
        month = oct,
       volume = {471},
       number = {1},
        pages = {L11-L15},
          doi = {10.1093/mnrasl/slx093},
archivePrefix = {arXiv},
       eprint = {1612.01029},
 primaryClass = {astro-ph.GA},
       adsurl = {https://ui.adsabs.harvard.edu/abs/2017MNRAS.471L..11D},
      adsnote = {Provided by the SAO/NASA Astrophysics Data System}
}


@ARTICLE{Liao_2019,
       author = {{Liao}, Shihong and {Gao}, Liang and {Frenk}, Carlos S. and {Grand}, Robert J.~J. and {Guo}, Qi and {G{\'o}mez}, Facundo A. and {Marinacci}, Federico and {Pakmor}, R{\"u}diger and {Shao}, Shi and {Springel}, Volker},
        title = "{Ultra-diffuse galaxies in the Auriga simulations}",
      journal = {\mnras},
     keywords = {methods: numerical, galaxies: formation, galaxies: haloes, Astrophysics - Astrophysics of Galaxies},
         year = 2019,
        month = dec,
       volume = {490},
       number = {4},
        pages = {5182-5195},
          doi = {10.1093/mnras/stz2969},
archivePrefix = {arXiv},
       eprint = {1904.06356},
 primaryClass = {astro-ph.GA},
       adsurl = {https://ui.adsabs.harvard.edu/abs/2019MNRAS.490.5182L},
      adsnote = {Provided by the SAO/NASA Astrophysics Data System}
}

@ARTICLE{Jiang_2019,
       author = {{Jiang}, Fangzhou and {Dekel}, Avishai and {Kneller}, Omer and {Lapiner}, Sharon and {Ceverino}, Daniel and {Primack}, Joel R. and {Faber}, Sandra M. and {Macci{\`o}}, Andrea V. and {Dutton}, Aaron A. and {Genel}, Shy and {Somerville}, Rachel S.},
        title = "{Is the dark-matter halo spin a predictor of galaxy spin and size?}",
      journal = {\mnras},
     keywords = {galaxies: evolution, galaxies: formation, galaxies: haloes, dark matter, Astrophysics - Astrophysics of Galaxies, Astrophysics - Cosmology and Nongalactic Astrophysics},
         year = 2019,
        month = oct,
       volume = {488},
       number = {4},
        pages = {4801-4815},
          doi = {10.1093/mnras/stz1952},
archivePrefix = {arXiv},
       eprint = {1804.07306},
 primaryClass = {astro-ph.GA},
       adsurl = {https://ui.adsabs.harvard.edu/abs/2019MNRAS.488.4801J},
      adsnote = {Provided by the SAO/NASA Astrophysics Data System}
}

@ARTICLE{Campbell_2018,
       author = {{Campbell}, Duncan and {van den Bosch}, Frank C. and {Padmanabhan}, Nikhil and {Mao}, Yao-Yuan and {Zentner}, Andrew R. and {Lange}, Johannes U. and {Jiang}, Fangzhou and {Villarreal}, Antonio},
        title = "{The galaxy clustering crisis in abundance matching}",
      journal = {\mnras},
     keywords = {galaxies: evolution, galaxies: haloes, Astrophysics - Astrophysics of Galaxies},
         year = 2018,
        month = jun,
       volume = {477},
       number = {1},
        pages = {359-383},
          doi = {10.1093/mnras/sty495},
archivePrefix = {arXiv},
       eprint = {1705.06347},
 primaryClass = {astro-ph.GA},
       adsurl = {https://ui.adsabs.harvard.edu/abs/2018MNRAS.477..359C},
      adsnote = {Provided by the SAO/NASA Astrophysics Data System}
}

@ARTICLE{Wechsler_2018,
       author = {{Wechsler}, Risa H. and {Tinker}, Jeremy L.},
        title = "{The Connection Between Galaxies and Their Dark Matter Halos}",
      journal = {\araa},
     keywords = {Astrophysics - Astrophysics of Galaxies, Astrophysics - Cosmology and Nongalactic Astrophysics},
         year = 2018,
        month = sep,
       volume = {56},
        pages = {435-487},
          doi = {10.1146/annurev-astro-081817-051756},
archivePrefix = {arXiv},
       eprint = {1804.03097},
 primaryClass = {astro-ph.GA},
       adsurl = {https://ui.adsabs.harvard.edu/abs/2018ARA&A..56..435W},
      adsnote = {Provided by the SAO/NASA Astrophysics Data System}
}

@ARTICLE{vonMarttens_2021,
       author = {{von Marttens}, Rodrigo and {Casarini}, Luciano and {Napolitano}, Nicola R. and {Wu}, Sirui and {Amaro}, Valeria and {Li}, Rui and {Tortora}, Crescenzo and {Canabarro}, Askery and {Wang}, Yang},
        title = "{Inferring galaxy dark halo properties from visible matter with Machine Learning}",
      journal = {arXiv e-prints},
     keywords = {Astrophysics - Astrophysics of Galaxies},
         year = 2021,
        month = nov,
          eid = {arXiv:2111.01185},
        pages = {arXiv:2111.01185},
archivePrefix = {arXiv},
       eprint = {2111.01185},
 primaryClass = {astro-ph.GA},
       adsurl = {https://ui.adsabs.harvard.edu/abs/2021arXiv211101185V},
      adsnote = {Provided by the SAO/NASA Astrophysics Data System}
}

@ARTICLE{Delgado_2021,
       author = {{Delgado}, Ana Maria and {Wadekar}, Digvijay and {Hadzhiyska}, Boryana and {Bose}, Sownak and {Hernquist}, Lars and {Ho}, Shirley},
        title = "{Modeling the galaxy-halo connection with machine learning}",
      journal = {arXiv e-prints},
     keywords = {Astrophysics - Cosmology and Nongalactic Astrophysics},
         year = 2021,
        month = nov,
          eid = {arXiv:2111.02422},
        pages = {arXiv:2111.02422},
archivePrefix = {arXiv},
       eprint = {2111.02422},
 primaryClass = {astro-ph.CO},
       adsurl = {https://ui.adsabs.harvard.edu/abs/2021arXiv211102422D},
      adsnote = {Provided by the SAO/NASA Astrophysics Data System}
}

@ARTICLE{Lovell_2021,
       author = {{Lovell}, Christopher C. and {Wilkins}, Stephen M. and {Thomas}, Peter A. and {Schaller}, Matthieu and {Baugh}, Carlton M. and {Fabbian}, Giulio and {Bah{\'e}}, Yannick},
        title = "{A machine learning approach to mapping baryons on to dark matter haloes using the EAGLE and C-EAGLE simulations}",
      journal = {\mnras},
     keywords = {galaxies: abundances, galaxies: luminosity function, mass function, Astrophysics - Astrophysics of Galaxies, Astrophysics - Instrumentation and Methods for Astrophysics},
         year = 2022,
        month = feb,
       volume = {509},
       number = {4},
        pages = {5046-5061},
          doi = {10.1093/mnras/stab3221},
archivePrefix = {arXiv},
       eprint = {2106.04980},
 primaryClass = {astro-ph.GA},
       adsurl = {https://ui.adsabs.harvard.edu/abs/2022MNRAS.509.5046L},
      adsnote = {Provided by the SAO/NASA Astrophysics Data System}
}


@ARTICLE{Villanueva_Domingo_2021,
       author = {{Villanueva-Domingo}, Pablo and {Villaescusa-Navarro}, Francisco and {Angl{\'e}s-Alc{\'a}zar}, Daniel and {Genel}, Shy and {Marinacci}, Federico and {Spergel}, David N. and {Hernquist}, Lars and {Vogelsberger}, Mark and {Dave}, Romeel and {Narayanan}, Desika},
        title = "{Inferring halo masses with Graph Neural Networks}",
      journal = {arXiv e-prints},
     keywords = {Astrophysics - Cosmology and Nongalactic Astrophysics, Astrophysics - Astrophysics of Galaxies, Astrophysics - Instrumentation and Methods for Astrophysics, Computer Science - Machine Learning},
         year = 2021,
        month = nov,
          eid = {arXiv:2111.08683},
        pages = {arXiv:2111.08683},
archivePrefix = {arXiv},
       eprint = {2111.08683},
 primaryClass = {astro-ph.CO},
       adsurl = {https://ui.adsabs.harvard.edu/abs/2021arXiv211108683V},
      adsnote = {Provided by the SAO/NASA Astrophysics Data System}
}

@ARTICLE{de_los_Rios_2021,
       author = {{de los Rios}, Mart{\'\i}n Emilio and {Peta{\v{c}}}, Mihael and {Zaldivar}, Bryan and {Bonaventura}, Nina R. and {Calore}, Francesca and {Iocco}, Fabio},
        title = "{Determining the Dark Matter distribution in galaxies with Deep Learning}",
      journal = {arXiv e-prints},
     keywords = {Astrophysics - Astrophysics of Galaxies},
         year = 2021,
        month = nov,
          eid = {arXiv:2111.08725},
        pages = {arXiv:2111.08725},
archivePrefix = {arXiv},
       eprint = {2111.08725},
 primaryClass = {astro-ph.GA},
       adsurl = {https://ui.adsabs.harvard.edu/abs/2021arXiv211108725D},
      adsnote = {Provided by the SAO/NASA Astrophysics Data System}
}

@ARTICLE{Chen_2021,
       author = {{Chen}, Yangyao and {Mo}, H.~J. and {Li}, Cheng and {Wang}, Kai and {Wang}, Huiyuan and {Yang}, Xiaohu and {Zhang}, Youcai and {Katz}, Neal},
        title = "{MAHGIC: a Model Adapter for the Halo-Galaxy Inter-Connection}",
      journal = {\mnras},
     keywords = {galaxies: formation, galaxies: haloes, galaxies: stellar content, Astrophysics - Astrophysics of Galaxies},
         year = 2021,
        month = oct,
       volume = {507},
       number = {2},
        pages = {2510-2530},
          doi = {10.1093/mnras/stab2377},
archivePrefix = {arXiv},
       eprint = {2106.03984},
 primaryClass = {astro-ph.GA},
       adsurl = {https://ui.adsabs.harvard.edu/abs/2021MNRAS.507.2510C},
      adsnote = {Provided by the SAO/NASA Astrophysics Data System}
}

@ARTICLE{Shao_2021,
       author = {{Shao}, Helen and {Villaescusa-Navarro}, Francisco and {Genel}, Shy and {Spergel}, David N. and {Angles-Alcazar}, Daniel and {Hernquist}, Lars and {Dave}, Romeel and {Narayanan}, Desika and {Contardo}, Gabriella and {Vogelsberger}, Mark},
        title = "{Finding universal relations in subhalo properties with artificial intelligence}",
      journal = {arXiv e-prints},
     keywords = {Astrophysics - Cosmology and Nongalactic Astrophysics, Astrophysics - Astrophysics of Galaxies, Astrophysics - Instrumentation and Methods for Astrophysics},
         year = 2021,
        month = sep,
          eid = {arXiv:2109.04484},
        pages = {arXiv:2109.04484},
archivePrefix = {arXiv},
       eprint = {2109.04484},
 primaryClass = {astro-ph.CO},
       adsurl = {https://ui.adsabs.harvard.edu/abs/2021arXiv210904484S},
      adsnote = {Provided by the SAO/NASA Astrophysics Data System}
}

@ARTICLE{Dai_2021,
       author = {{Dai}, Biwei and {Seljak}, Uro{\v{s}}},
        title = "{Learning effective physical laws for generating cosmological hydrodynamics with Lagrangian deep learning}",
      journal = {Proceedings of the National Academy of Science},
     keywords = {deep learning, Lagrangian approach, cosmological hydrodynamical simulation, Astrophysics - Cosmology and Nongalactic Astrophysics, Computer Science - Machine Learning},
         year = 2021,
        month = apr,
       volume = {118},
       number = {16},
          eid = {2020324118},
        pages = {2020324118},
          doi = {10.1073/pnas.2020324118},
archivePrefix = {arXiv},
       eprint = {2010.02926},
 primaryClass = {astro-ph.CO},
       adsurl = {https://ui.adsabs.harvard.edu/abs/2021PNAS..11820324D},
      adsnote = {Provided by the SAO/NASA Astrophysics Data System}
}

@ARTICLE{Desmond_Wechsler_2015,
       author = {{Desmond}, Harry and {Wechsler}, Risa H.},
        title = "{The Tully-Fisher and mass-size relations from halo abundance matching}",
      journal = {\mnras},
     keywords = {galaxies: formation, galaxies: fundamental parameters, galaxies: haloes, galaxies: kinematics and dynamics, galaxies: spiral, dark matter, Astrophysics - Astrophysics of Galaxies, Astrophysics - Cosmology and Nongalactic Astrophysics},
         year = 2015,
        month = nov,
       volume = {454},
       number = {1},
        pages = {322-343},
          doi = {10.1093/mnras/stv1978},
archivePrefix = {arXiv},
       eprint = {1506.00169},
 primaryClass = {astro-ph.GA},
       adsurl = {https://ui.adsabs.harvard.edu/abs/2015MNRAS.454..322D},
      adsnote = {Provided by the SAO/NASA Astrophysics Data System}
}

@ARTICLE{Desmond_Wechsler_2017,
       author = {{Desmond}, Harry and {Wechsler}, Risa H.},
        title = "{The Faber-Jackson relation and Fundamental Plane from halo abundance matching}",
      journal = {\mnras},
     keywords = {galaxies: formation, galaxies: fundamental parameters, galaxies: haloes, galaxies: kinematics and dynamics, dark matter, Astrophysics - Astrophysics of Galaxies, Astrophysics - Cosmology and Nongalactic Astrophysics},
         year = 2017,
        month = feb,
       volume = {465},
       number = {1},
        pages = {820-833},
          doi = {10.1093/mnras/stw2804},
archivePrefix = {arXiv},
       eprint = {1604.04670},
 primaryClass = {astro-ph.GA},
       adsurl = {https://ui.adsabs.harvard.edu/abs/2017MNRAS.465..820D},
      adsnote = {Provided by the SAO/NASA Astrophysics Data System}
}

@ARTICLE{Desmond_MDAR,
       author = {{Desmond}, Harry},
        title = "{A statistical investigation of the mass discrepancy-acceleration relation}",
      journal = {\mnras},
     keywords = {galaxies: formation, galaxies: fundamental parameters, galaxies: haloes, galaxies: kinematics and dynamics, dark matter, Astrophysics - Astrophysics of Galaxies, Astrophysics - Cosmology and Nongalactic Astrophysics},
         year = 2017,
        month = feb,
       volume = {464},
       number = {4},
        pages = {4160-4175},
          doi = {10.1093/mnras/stw2571},
archivePrefix = {arXiv},
       eprint = {1607.01800},
 primaryClass = {astro-ph.GA},
       adsurl = {https://ui.adsabs.harvard.edu/abs/2017MNRAS.464.4160D},
      adsnote = {Provided by the SAO/NASA Astrophysics Data System}
}

@ARTICLE{Desmond_BTFR,
       author = {{Desmond}, Harry},
        title = "{The scatter, residual correlations and curvature of the SPARC baryonic Tully-Fisher relation}",
      journal = {\mnras},
     keywords = {galaxies: formation, galaxies: fundamental parameters, galaxies: haloes, galaxies: kinematics and dynamics, galaxies: statistics, dark matter, Astrophysics - Astrophysics of Galaxies},
         year = 2017,
        month = nov,
       volume = {472},
       number = {1},
        pages = {L35-L39},
          doi = {10.1093/mnrasl/slx134},
archivePrefix = {arXiv},
       eprint = {1706.01017},
 primaryClass = {astro-ph.GA},
       adsurl = {https://ui.adsabs.harvard.edu/abs/2017MNRAS.472L..35D},
      adsnote = {Provided by the SAO/NASA Astrophysics Data System}
}

@ARTICLE{Li_2022,
       author = {{Li}, Pengfei and {McGaugh}, Stacy S. and {Lelli}, Federico and {Tian}, Yong and {Schombert}, James M. and {Ko}, Chung-Ming},
        title = "{The Effect of Adiabatic Compression on Dark Matter Halos and the Radial Acceleration Relation}",
      journal = {arXiv e-prints},
     keywords = {Astrophysics - Astrophysics of Galaxies, Astrophysics - Cosmology and Nongalactic Astrophysics},
         year = 2022,
        month = feb,
          eid = {arXiv:2202.03421},
        pages = {arXiv:2202.03421},
archivePrefix = {arXiv},
       eprint = {2202.03421},
 primaryClass = {astro-ph.GA},
       adsurl = {https://ui.adsabs.harvard.edu/abs/2022arXiv220203421L},
      adsnote = {Provided by the SAO/NASA Astrophysics Data System}
}

@ARTICLE{Trujillo,
       author = {{Trujillo-Gomez}, Sebastian and {Klypin}, Anatoly and {Primack}, Joel and {Romanowsky}, Aaron J.},
        title = "{Galaxies in {\ensuremath{\Lambda}}CDM with Halo Abundance Matching: Luminosity-Velocity Relation, Baryonic Mass-Velocity Relation, Velocity Function, and Clustering}",
      journal = {\apj},
     keywords = {cosmology: theory, dark matter, galaxies: halos, galaxies: structure, Astrophysics - Cosmology and Nongalactic Astrophysics},
         year = 2011,
        month = nov,
       volume = {742},
       number = {1},
          eid = {16},
        pages = {16},
          doi = {10.1088/0004-637X/742/1/16},
archivePrefix = {arXiv},
       eprint = {1005.1289},
 primaryClass = {astro-ph.CO},
       adsurl = {https://ui.adsabs.harvard.edu/abs/2011ApJ...742...16T},
      adsnote = {Provided by the SAO/NASA Astrophysics Data System}
}

@ARTICLE{Guo,
       author = {{Guo}, Hong and {Li}, Cheng and {Zheng}, Zheng and {Mo}, H.~J. and {Jing}, Y.~P. and {Zu}, Ying and {Lim}, S.~H. and {Xu}, Haojie},
        title = "{Constraining the H I-Halo Mass Relation from Galaxy Clustering}",
      journal = {\apj},
     keywords = {cosmology: observations, cosmology: theory, galaxies: distances and redshifts, galaxies: halos, galaxies: statistics, large-scale structure of universe, Astrophysics - Astrophysics of Galaxies, Astrophysics - Cosmology and Nongalactic Astrophysics},
         year = 2017,
        month = sep,
       volume = {846},
       number = {1},
          eid = {61},
        pages = {61},
          doi = {10.3847/1538-4357/aa85e7},
archivePrefix = {arXiv},
       eprint = {1707.01999},
 primaryClass = {astro-ph.GA},
       adsurl = {https://ui.adsabs.harvard.edu/abs/2017ApJ...846...61G},
      adsnote = {Provided by the SAO/NASA Astrophysics Data System}
}

@ARTICLE{McGibbon,
       author = {{McGibbon}, Robert and {Khochfar}, Sadegh},
        title = "{Multi-Epoch Machine Learning 1: Unravelling Nature vs Nurture for Galaxy Formation}",
      journal = {arXiv e-prints},
     keywords = {Astrophysics - Astrophysics of Galaxies, Astrophysics - Cosmology and Nongalactic Astrophysics},
         year = 2021,
        month = dec,
          eid = {arXiv:2112.08424},
        pages = {arXiv:2112.08424},
archivePrefix = {arXiv},
       eprint = {2112.08424},
 primaryClass = {astro-ph.GA},
       adsurl = {https://ui.adsabs.harvard.edu/abs/2021arXiv211208424M},
      adsnote = {Provided by the SAO/NASA Astrophysics Data System}
}

@ARTICLE{Baugh,
       author = {{Baugh}, C.~M.},
        title = "{A primer on hierarchical galaxy formation: the semi-analytical approach}",
      journal = {Reports on Progress in Physics},
     keywords = {Astrophysics},
         year = 2006,
        month = dec,
       volume = {69},
       number = {12},
        pages = {3101-3156},
          doi = {10.1088/0034-4885/69/12/R02},
archivePrefix = {arXiv},
       eprint = {astro-ph/0610031},
 primaryClass = {astro-ph},
       adsurl = {https://ui.adsabs.harvard.edu/abs/2006RPPh...69.3101B},
      adsnote = {Provided by the SAO/NASA Astrophysics Data System}
}

@ARTICLE{Paranjape_HOD,
       author = {{Paranjape}, Aseem and {Kova{\v{c}}}, Katarina and {Hartley}, William G. and {Pahwa}, Isha},
        title = "{Correlating galaxy colour and halo concentration: a tunable halo model of galactic conformity}",
      journal = {\mnras},
     keywords = {galaxies: formation, dark matter, large-scale structure of Universe, Astrophysics - Astrophysics of Galaxies, Astrophysics - Cosmology and Nongalactic Astrophysics},
         year = 2015,
        month = dec,
       volume = {454},
       number = {3},
        pages = {3030-3048},
          doi = {10.1093/mnras/stv2137},
archivePrefix = {arXiv},
       eprint = {1503.08212},
 primaryClass = {astro-ph.GA},
       adsurl = {https://ui.adsabs.harvard.edu/abs/2015MNRAS.454.3030P},
      adsnote = {Provided by the SAO/NASA Astrophysics Data System}
}

@ARTICLE{HOD,
       author = {{Berlind}, Andreas A. and {Weinberg}, David H.},
        title = "{The Halo Occupation Distribution: Toward an Empirical Determination of the Relation between Galaxies and Mass}",
      journal = {\apj},
     keywords = {Cosmology: Theory, Galaxies: Formation, Cosmology: Large-Scale Structure of Universe, Methods: n-Body Simulations, Astrophysics},
         year = 2002,
        month = aug,
       volume = {575},
       number = {2},
        pages = {587-616},
          doi = {10.1086/341469},
archivePrefix = {arXiv},
       eprint = {astro-ph/0109001},
 primaryClass = {astro-ph},
       adsurl = {https://ui.adsabs.harvard.edu/abs/2002ApJ...575..587B},
      adsnote = {Provided by the SAO/NASA Astrophysics Data System}
}

@ARTICLE{Hadzhiyska_HOD,
       author = {{Hadzhiyska}, Boryana and {Bose}, Sownak and {Eisenstein}, Daniel and {Hernquist}, Lars},
        title = "{Extensions to models of the galaxy-halo connection}",
      journal = {\mnras},
     keywords = {methods: numerical, galaxies: haloes, cosmology: theory, cosmology: large-scale structure of Universe, Astrophysics - Cosmology and Nongalactic Astrophysics},
         year = 2021,
        month = feb,
       volume = {501},
       number = {2},
        pages = {1603-1620},
          doi = {10.1093/mnras/staa3776},
archivePrefix = {arXiv},
       eprint = {2008.04913},
 primaryClass = {astro-ph.CO},
       adsurl = {https://ui.adsabs.harvard.edu/abs/2021MNRAS.501.1603H},
      adsnote = {Provided by the SAO/NASA Astrophysics Data System}
}

@ARTICLE{Decorated_HOD,
       author = {{Hearin}, Andrew P. and {Zentner}, Andrew R. and {van den Bosch}, Frank C. and {Campbell}, Duncan and {Tollerud}, Erik},
        title = "{Introducing decorated HODs: modelling assembly bias in the galaxy-halo connection}",
      journal = {\mnras},
     keywords = {galaxies: evolution, galaxies: haloes, cosmology: theory, dark matter, large-scale structure of universe, Astrophysics - Cosmology and Nongalactic Astrophysics},
         year = 2016,
        month = aug,
       volume = {460},
       number = {3},
        pages = {2552-2570},
          doi = {10.1093/mnras/stw840},
archivePrefix = {arXiv},
       eprint = {1512.03050},
 primaryClass = {astro-ph.CO},
       adsurl = {https://ui.adsabs.harvard.edu/abs/2016MNRAS.460.2552H},
      adsnote = {Provided by the SAO/NASA Astrophysics Data System}
}

@ARTICLE{Di_Teodoro_2021,
       author = {{Di Teodoro}, Enrico M. and {Posti}, Lorenzo and {Ogle}, Patrick M. and {Fall}, S. Michael and {Jarrett}, Thomas},
        title = "{Rotation curves and scaling relations of extremely massive spiral galaxies}",
      journal = {\mnras},
     keywords = {galaxies: evolution, galaxies: haloes, galaxies: kinematics and dynamics, galaxies: spiral, Astrophysics - Astrophysics of Galaxies, Astrophysics - Cosmology and Nongalactic Astrophysics},
         year = 2021,
        month = nov,
       volume = {507},
       number = {4},
        pages = {5820-5831},
          doi = {10.1093/mnras/stab2549},
archivePrefix = {arXiv},
       eprint = {2109.03828},
 primaryClass = {astro-ph.GA},
       adsurl = {https://ui.adsabs.harvard.edu/abs/2021MNRAS.507.5820D},
      adsnote = {Provided by the SAO/NASA Astrophysics Data System}
}

@ARTICLE{Villaescusa_Navarro_2021,
       author = {{Villaescusa-Navarro}, Francisco and {Angl{\'e}s-Alc{\'a}zar}, Daniel and {Genel}, Shy and {Spergel}, David N. and {Li}, Yin and {Wandelt}, Benjamin and {Nicola}, Andrina and {Thiele}, Leander and {Hassan}, Sultan and {Zorrilla Matilla}, Jose Manuel and {Narayanan}, Desika and {Dave}, Romeel and {Vogelsberger}, Mark},
        title = "{Multifield Cosmology with Artificial Intelligence}",
      journal = {arXiv e-prints},
     keywords = {Astrophysics - Cosmology and Nongalactic Astrophysics, Astrophysics - Astrophysics of Galaxies, Astrophysics - Instrumentation and Methods for Astrophysics, Computer Science - Computer Vision and Pattern Recognition, Computer Science - Machine Learning},
         year = 2021,
        month = sep,
          eid = {arXiv:2109.09747},
        pages = {arXiv:2109.09747},
archivePrefix = {arXiv},
       eprint = {2109.09747},
 primaryClass = {astro-ph.CO},
       adsurl = {https://ui.adsabs.harvard.edu/abs/2021arXiv210909747V},
      adsnote = {Provided by the SAO/NASA Astrophysics Data System}
}


@ARTICLE{Kravtsov_2004,
       author = {{Kravtsov}, Andrey V. and {Berlind}, Andreas A. and {Wechsler}, Risa H. and {Klypin}, Anatoly A. and {Gottl{\"o}ber}, Stefan and {Allgood}, Brandon and {Primack}, Joel R.},
        title = "{The Dark Side of the Halo Occupation Distribution}",
      journal = {\apj},
     keywords = {Cosmology: Theory, Galaxies: Formation, Galaxies: Halos, Cosmology: Large-Scale Structure of Universe, Methods: Numerical, Astrophysics},
         year = 2004,
        month = jul,
       volume = {609},
       number = {1},
        pages = {35-49},
          doi = {10.1086/420959},
archivePrefix = {arXiv},
       eprint = {astro-ph/0308519},
 primaryClass = {astro-ph},
       adsurl = {https://ui.adsabs.harvard.edu/abs/2004ApJ...609...35K},
      adsnote = {Provided by the SAO/NASA Astrophysics Data System}
}

@ARTICLE{Behroozi_2010,
       author = {{Behroozi}, Peter S. and {Conroy}, Charlie and {Wechsler}, Risa H.},
        title = "{A Comprehensive Analysis of Uncertainties Affecting the Stellar Mass-Halo Mass Relation for 0 < z < 4}",
      journal = {\apj},
     keywords = {dark matter, galaxies: abundances, galaxies: evolution, galaxies: stellar content, Astrophysics - Cosmology and Extragalactic Astrophysics},
         year = 2010,
        month = jul,
       volume = {717},
       number = {1},
        pages = {379-403},
          doi = {10.1088/0004-637X/717/1/379},
archivePrefix = {arXiv},
       eprint = {1001.0015},
 primaryClass = {astro-ph.CO},
       adsurl = {https://ui.adsabs.harvard.edu/abs/2010ApJ...717..379B},
      adsnote = {Provided by the SAO/NASA Astrophysics Data System}
}

@article{scikit-learn,
 title={Scikit-learn: Machine Learning in {P}ython},
 author={Pedregosa, F. and others},
 journal={Journal of Machine Learning Research},
 volume={12},
 pages={2825--2830},
 year={2011}
}

@ARTICLE{Fall_Efstathiou_1980,
       author = {{Fall}, S.~M. and {Efstathiou}, G.},
        title = "{Formation and rotation of disc galaxies with haloes.}",
      journal = {\mnras},
     keywords = {Disk Galaxies, Galactic Evolution, Galactic Rotation, Galactic Structure, Halos, Angular Momentum, Astronomical Models, Interstellar Gas, Mass Ratios, Astrophysics},
         year = 1980,
        month = oct,
       volume = {193},
        pages = {189-206},
          doi = {10.1093/mnras/193.2.189},
       adsurl = {https://ui.adsabs.harvard.edu/abs/1980MNRAS.193..189F},
      adsnote = {Provided by the SAO/NASA Astrophysics Data System}
}

@ARTICLE{de_Jong_2000,
       author = {{de Jong}, Roelof S. and {Lacey}, Cedric},
        title = "{The Local Space Density of SB-SDM Galaxies as Function of Their Scale Size, Surface Brightness, and Luminosity}",
      journal = {\apj},
     keywords = {Galaxies: Formation, Galaxies: Fundamental Parameters, Galaxies: Luminosity Function, Mass Function, Galaxies: Statistics, Galaxies: Structure, Astrophysics},
         year = 2000,
        month = dec,
       volume = {545},
       number = {2},
        pages = {781-797},
          doi = {10.1086/317840},
archivePrefix = {arXiv},
       eprint = {astro-ph/0008071},
 primaryClass = {astro-ph},
       adsurl = {https://ui.adsabs.harvard.edu/abs/2000ApJ...545..781D},
      adsnote = {Provided by the SAO/NASA Astrophysics Data System}
}

@ARTICLE{Gnedin_2007,
       author = {{Gnedin}, Oleg Y. and {Weinberg}, David H. and {Pizagno}, James and {Prada}, Francisco and {Rix}, Hans-Walter},
        title = "{Dark Matter Halos of Disk Galaxies: Constraints from the Tully-Fisher Relation}",
      journal = {\apj},
     keywords = {Cosmology: Theory, Cosmology: Dark Matter, Galaxies: Formation, Galaxies: Halos, Astrophysics},
         year = 2007,
        month = dec,
       volume = {671},
       number = {2},
        pages = {1115-1134},
          doi = {10.1086/523256},
archivePrefix = {arXiv},
       eprint = {astro-ph/0607394},
 primaryClass = {astro-ph},
       adsurl = {https://ui.adsabs.harvard.edu/abs/2007ApJ...671.1115G},
      adsnote = {Provided by the SAO/NASA Astrophysics Data System}
}

@ARTICLE{Desmond_2019,
       author = {{Desmond}, Harry and {Katz}, Harley and {Lelli}, Federico and {McGaugh}, Stacy},
        title = "{Uncorrelated velocity and size residuals across galaxy rotation curves}",
      journal = {\mnras},
     keywords = {galaxies: formation, galaxies: fundamental parameters, galaxies: haloes, galaxies: kinematics and dynamics, galaxies: statistics, dark matter, Astrophysics - Astrophysics of Galaxies, Astrophysics - Cosmology and Nongalactic Astrophysics},
         year = 2019,
        month = mar,
       volume = {484},
       number = {1},
        pages = {239-244},
          doi = {10.1093/mnras/stz016},
archivePrefix = {arXiv},
       eprint = {1808.00271},
 primaryClass = {astro-ph.GA},
       adsurl = {https://ui.adsabs.harvard.edu/abs/2019MNRAS.484..239D},
      adsnote = {Provided by the SAO/NASA Astrophysics Data System}
}

@ARTICLE{Posti,
       author = {{Posti}, Lorenzo and {Pezzulli}, Gabriele and {Fraternali}, Filippo and {Di Teodoro}, Enrico M.},
        title = "{Galaxy spin as a formation probe: the stellar-to-halo specific angular momentum relation}",
      journal = {\mnras},
     keywords = {galaxies: elliptical and lenticular, cD, galaxies: formation, galaxies: fundamental parameters, galaxies: haloes, galaxies: spiral, Astrophysics - Astrophysics of Galaxies},
         year = 2018,
        month = mar,
       volume = {475},
       number = {1},
        pages = {232-243},
          doi = {10.1093/mnras/stx3168},
archivePrefix = {arXiv},
       eprint = {1711.04763},
 primaryClass = {astro-ph.GA},
       adsurl = {https://ui.adsabs.harvard.edu/abs/2018MNRAS.475..232P},
      adsnote = {Provided by the SAO/NASA Astrophysics Data System}
}

@ARTICLE{Pina,
       author = {{Mancera Pi{\~n}a}, Pavel E. and {Posti}, Lorenzo and {Fraternali}, Filippo and {Adams}, Elizabeth A.~K. and {Oosterloo}, Tom},
        title = "{The baryonic specific angular momentum of disc galaxies}",
      journal = {\aap},
     keywords = {galaxies: kinematics and dynamics, galaxies: formation, galaxies: fundamental parameters, galaxies: evolution, galaxies: dwarf, galaxies: spiral, Astrophysics - Astrophysics of Galaxies, Astrophysics - Cosmology and Nongalactic Astrophysics},
         year = 2021,
        month = mar,
       volume = {647},
          eid = {A76},
        pages = {A76},
          doi = {10.1051/0004-6361/202039340},
archivePrefix = {arXiv},
       eprint = {2009.06645},
 primaryClass = {astro-ph.GA},
       adsurl = {https://ui.adsabs.harvard.edu/abs/2021A&A...647A..76M},
      adsnote = {Provided by the SAO/NASA Astrophysics Data System}
}

@ARTICLE{Sales_2009,
       author = {{Sales}, Laura V. and {Navarro}, Julio F. and {Schaye}, Joop and {Dalla Vecchia}, Claudio and {Springel}, Volker and {Haas}, Marcel R. and {Helmi}, Amina},
        title = "{The origin of extended disc galaxies at z = 2}",
      journal = {\mnras},
     keywords = {galaxies: evolution, galaxies: formation, galaxies: haloes, galaxies: kinematics and dynamics, Astrophysics - Cosmology and Extragalactic Astrophysics},
         year = 2009,
        month = oct,
       volume = {399},
       number = {1},
        pages = {L64-L68},
          doi = {10.1111/j.1745-3933.2009.00725.x},
archivePrefix = {arXiv},
       eprint = {0905.3554},
 primaryClass = {astro-ph.CO},
       adsurl = {https://ui.adsabs.harvard.edu/abs/2009MNRAS.399L..64S},
      adsnote = {Provided by the SAO/NASA Astrophysics Data System}
}

@ARTICLE{Sales_2012,
       author = {{Sales}, Laura V. and {Navarro}, Julio F. and {Theuns}, Tom and {Schaye}, Joop and {White}, Simon D.~M. and {Frenk}, Carlos S. and {Crain}, Robert A. and {Dalla Vecchia}, Claudio},
        title = "{The origin of discs and spheroids in simulated galaxies}",
      journal = {\mnras},
     keywords = {Galaxy: formation, Galaxy: kinematics and dynamics, Galaxy: structure, Astrophysics - Cosmology and Extragalactic Astrophysics},
         year = 2012,
        month = jun,
       volume = {423},
       number = {2},
        pages = {1544-1555},
          doi = {10.1111/j.1365-2966.2012.20975.x},
archivePrefix = {arXiv},
       eprint = {1112.2220},
 primaryClass = {astro-ph.CO},
       adsurl = {https://ui.adsabs.harvard.edu/abs/2012MNRAS.423.1544S},
      adsnote = {Provided by the SAO/NASA Astrophysics Data System}
}

@ARTICLE{Stevens,
       author = {{Stevens}, Adam R.~H. and {Lagos}, Claudia del P. and {Contreras}, Sergio and {Croton}, Darren J. and {Padilla}, Nelson D. and {Schaller}, Matthieu and {Schaye}, Joop and {Theuns}, Tom},
        title = "{How to get cool in the heat: comparing analytic models of hot, cold, and cooling gas in haloes and galaxies with EAGLE}",
      journal = {\mnras},
     keywords = {galaxies: evolution, galaxies: formation, galaxies: haloes, intergalactic medium, ISM: evolution, ISM: structure, Astrophysics - Astrophysics of Galaxies},
         year = 2017,
        month = may,
       volume = {467},
       number = {2},
        pages = {2066-2084},
          doi = {10.1093/mnras/stx243},
archivePrefix = {arXiv},
       eprint = {1608.04389},
 primaryClass = {astro-ph.GA},
       adsurl = {https://ui.adsabs.harvard.edu/abs/2017MNRAS.467.2066S},
      adsnote = {Provided by the SAO/NASA Astrophysics Data System}
}

@ARTICLE{Planck_Parameters_2016,
       author = {{Planck Collaboration}},
        title = "{Planck 2015 results. XIII. Cosmological parameters}",
      journal = {\aap},
     keywords = {cosmology: observations, cosmology: theory, cosmic background radiation, cosmological parameters, Astrophysics - Cosmology and Nongalactic Astrophysics},
         year = 2016,
        month = sep,
       volume = {594},
          eid = {A13},
        pages = {A13},
          doi = {10.1051/0004-6361/201525830},
archivePrefix = {arXiv},
       eprint = {1502.01589},
 primaryClass = {astro-ph.CO},
       adsurl = {https://ui.adsabs.harvard.edu/abs/2016A&A...594A..13P},
      adsnote = {Provided by the SAO/NASA Astrophysics Data System}
}

@ARTICLE{Springel_2010,
       author = {{Springel}, Volker},
        title = "{E pur si muove: Galilean-invariant cosmological hydrodynamical simulations on a moving mesh}",
      journal = {\mnras},
     keywords = {methods: numerical, galaxies: interactions, cosmology: dark matter, Astrophysics - Cosmology and Nongalactic Astrophysics},
         year = 2010,
        month = jan,
       volume = {401},
       number = {2},
        pages = {791-851},
          doi = {10.1111/j.1365-2966.2009.15715.x},
archivePrefix = {arXiv},
       eprint = {0901.4107},
 primaryClass = {astro-ph.CO},
       adsurl = {https://ui.adsabs.harvard.edu/abs/2010MNRAS.401..791S},
      adsnote = {Provided by the SAO/NASA Astrophysics Data System}
}


@ARTICLE{Marinacci_2018,
       author = {{Marinacci}, Federico and {Vogelsberger}, Mark and {Pakmor}, R{\"u}diger and {Torrey}, Paul and {Springel}, Volker and {Hernquist}, Lars and {Nelson}, Dylan and {Weinberger}, Rainer and {Pillepich}, Annalisa and {Naiman}, Jill and {Genel}, Shy},
        title = "{First results from the IllustrisTNG simulations: radio haloes and magnetic fields}",
      journal = {\mnras},
     keywords = {magnetic fields, MHD, methods: numerical, galaxies: clusters: general, cosmology: theory, radio continuum: general, Astrophysics - Cosmology and Nongalactic Astrophysics},
         year = 2018,
        month = nov,
       volume = {480},
       number = {4},
        pages = {5113-5139},
          doi = {10.1093/mnras/sty2206},
archivePrefix = {arXiv},
       eprint = {1707.03396},
 primaryClass = {astro-ph.CO},
       adsurl = {https://ui.adsabs.harvard.edu/abs/2018MNRAS.480.5113M},
      adsnote = {Provided by the SAO/NASA Astrophysics Data System}
}


@ARTICLE{Naiman_2018,
       author = {{Naiman}, Jill P. and {Pillepich}, Annalisa and {Springel}, Volker and {Ramirez-Ruiz}, Enrico and {Torrey}, Paul and {Vogelsberger}, Mark and {Pakmor}, R{\"u}diger and {Nelson}, Dylan and {Marinacci}, Federico and {Hernquist}, Lars and {Weinberger}, Rainer and {Genel}, Shy},
        title = "{First results from the IllustrisTNG simulations: a tale of two elements - chemical evolution of magnesium and europium}",
      journal = {\mnras},
     keywords = {methods: numerical, Galaxy: formation, cosmology: theory, Astrophysics - Astrophysics of Galaxies},
         year = 2018,
        month = jun,
       volume = {477},
       number = {1},
        pages = {1206-1224},
          doi = {10.1093/mnras/sty618},
archivePrefix = {arXiv},
       eprint = {1707.03401},
 primaryClass = {astro-ph.GA},
       adsurl = {https://ui.adsabs.harvard.edu/abs/2018MNRAS.477.1206N},
      adsnote = {Provided by the SAO/NASA Astrophysics Data System}
}


@ARTICLE{Nelson_2018,
       author = {{Nelson}, Dylan and {Pillepich}, Annalisa and {Springel}, Volker and {Weinberger}, Rainer and {Hernquist}, Lars and {Pakmor}, R{\"u}diger and {Genel}, Shy and {Torrey}, Paul and {Vogelsberger}, Mark and {Kauffmann}, Guinevere and {Marinacci}, Federico and {Naiman}, Jill},
        title = "{First results from the IllustrisTNG simulations: the galaxy colour bimodality}",
      journal = {\mnras},
     keywords = {galaxies: evolution, galaxies: formation, Astrophysics - Astrophysics of Galaxies, Astrophysics - Cosmology and Nongalactic Astrophysics},
         year = 2018,
        month = mar,
       volume = {475},
       number = {1},
        pages = {624-647},
          doi = {10.1093/mnras/stx3040},
archivePrefix = {arXiv},
       eprint = {1707.03395},
 primaryClass = {astro-ph.GA},
       adsurl = {https://ui.adsabs.harvard.edu/abs/2018MNRAS.475..624N},
      adsnote = {Provided by the SAO/NASA Astrophysics Data System}
}


@ARTICLE{Pillepich_2018_results,
       author = {{Pillepich}, Annalisa and {Nelson}, Dylan and {Hernquist}, Lars and {Springel}, Volker and {Pakmor}, R{\"u}diger and {Torrey}, Paul and {Weinberger}, Rainer and {Genel}, Shy and {Naiman}, Jill P. and {Marinacci}, Federico and {Vogelsberger}, Mark},
        title = "{First results from the IllustrisTNG simulations: the stellar mass content of groups and clusters of galaxies}",
      journal = {\mnras},
     keywords = {methods: numerical, galaxies: clusters: general, galaxies: general, galaxies: groups: general, cosmology: theory, Astrophysics - Astrophysics of Galaxies, Astrophysics - Cosmology and Nongalactic Astrophysics},
         year = 2018,
        month = mar,
       volume = {475},
       number = {1},
        pages = {648-675},
          doi = {10.1093/mnras/stx3112},
archivePrefix = {arXiv},
       eprint = {1707.03406},
 primaryClass = {astro-ph.GA},
       adsurl = {https://ui.adsabs.harvard.edu/abs/2018MNRAS.475..648P},
      adsnote = {Provided by the SAO/NASA Astrophysics Data System}
}

@ARTICLE{Springel_2018,
       author = {{Springel}, Volker and {Pakmor}, R{\"u}diger and {Pillepich}, Annalisa and {Weinberger}, Rainer and {Nelson}, Dylan and {Hernquist}, Lars and {Vogelsberger}, Mark and {Genel}, Shy and {Torrey}, Paul and {Marinacci}, Federico and {Naiman}, Jill},
        title = "{First results from the IllustrisTNG simulations: matter and galaxy clustering}",
      journal = {\mnras},
     keywords = {methods: numerical, galaxy formation, large-scale structure of Universe, Astrophysics - Astrophysics of Galaxies, Astrophysics - Cosmology and Nongalactic Astrophysics},
         year = 2018,
        month = mar,
       volume = {475},
       number = {1},
        pages = {676-698},
          doi = {10.1093/mnras/stx3304},
archivePrefix = {arXiv},
       eprint = {1707.03397},
 primaryClass = {astro-ph.GA},
       adsurl = {https://ui.adsabs.harvard.edu/abs/2018MNRAS.475..676S},
      adsnote = {Provided by the SAO/NASA Astrophysics Data System}
}

@ARTICLE{Weinberger_2017,
       author = {{Weinberger}, Rainer and {Springel}, Volker and {Hernquist}, Lars and {Pillepich}, Annalisa and {Marinacci}, Federico and {Pakmor}, R{\"u}diger and {Nelson}, Dylan and {Genel}, Shy and {Vogelsberger}, Mark and {Naiman}, Jill and {Torrey}, Paul},
        title = "{Simulating galaxy formation with black hole driven thermal and kinetic feedback}",
      journal = {\mnras},
     keywords = {black hole physics, methods: numerical, galaxies: clusters: general, galaxies: evolution, galaxies: formation, cosmology: theory, Astrophysics - Astrophysics of Galaxies},
         year = 2017,
        month = mar,
       volume = {465},
       number = {3},
        pages = {3291-3308},
          doi = {10.1093/mnras/stw2944},
archivePrefix = {arXiv},
       eprint = {1607.03486},
 primaryClass = {astro-ph.GA},
       adsurl = {https://ui.adsabs.harvard.edu/abs/2017MNRAS.465.3291W},
      adsnote = {Provided by the SAO/NASA Astrophysics Data System}
}

@ARTICLE{Pillepich_2018_methods,
       author = {{Pillepich}, Annalisa and {Springel}, Volker and {Nelson}, Dylan and {Genel}, Shy and {Naiman}, Jill and {Pakmor}, R{\"u}diger and {Hernquist}, Lars and {Torrey}, Paul and {Vogelsberger}, Mark and {Weinberger}, Rainer and {Marinacci}, Federico},
        title = "{Simulating galaxy formation with the IllustrisTNG model}",
      journal = {\mnras},
     keywords = {methods: numerical, galaxies: evolution, galaxies: formation, Astrophysics - Astrophysics of Galaxies, Astrophysics - Cosmology and Nongalactic Astrophysics},
         year = 2018,
        month = jan,
       volume = {473},
       number = {3},
        pages = {4077-4106},
          doi = {10.1093/mnras/stx2656},
archivePrefix = {arXiv},
       eprint = {1703.02970},
 primaryClass = {astro-ph.GA},
       adsurl = {https://ui.adsabs.harvard.edu/abs/2018MNRAS.473.4077P},
      adsnote = {Provided by the SAO/NASA Astrophysics Data System}
}

@ARTICLE{Genel_2015,
       author = {{Genel}, Shy and {Fall}, S. Michael and {Hernquist}, Lars and {Vogelsberger}, Mark and {Snyder}, Gregory F. and {Rodriguez-Gomez}, Vicente and {Sijacki}, Debora and {Springel}, Volker},
        title = "{Galactic Angular Momentum in the Illustris Simulation: Feedback and the Hubble Sequence}",
      journal = {\apjl},
     keywords = {galaxies: formation, galaxies: fundamental parameters, galaxies: kinematics and dynamics, galaxies: structure, hydrodynamics, methods: numerical, Astrophysics - Astrophysics of Galaxies, Astrophysics - Cosmology and Nongalactic Astrophysics},
         year = 2015,
        month = may,
       volume = {804},
       number = {2},
          eid = {L40},
        pages = {L40},
          doi = {10.1088/2041-8205/804/2/L40},
archivePrefix = {arXiv},
       eprint = {1503.01117},
 primaryClass = {astro-ph.GA},
       adsurl = {https://ui.adsabs.harvard.edu/abs/2015ApJ...804L..40G},
      adsnote = {Provided by the SAO/NASA Astrophysics Data System}
}

@ARTICLE{Diemer_2018,
       author = {{Diemer}, Benedikt and {Stevens}, Adam R.~H. and {Forbes}, John C. and {Marinacci}, Federico and {Hernquist}, Lars and {Lagos}, Claudia del P. and {Sternberg}, Amiel and {Pillepich}, Annalisa and {Nelson}, Dylan and {Popping}, Gerg{\"o} and {Villaescusa-Navarro}, Francisco and {Torrey}, Paul and {Vogelsberger}, Mark},
        title = "{Modeling the Atomic-to-molecular Transition in Cosmological Simulations of Galaxy Formation}",
      journal = {\apjs},
     keywords = {galaxies: ISM, ISM: molecules, methods: numerical, Astrophysics - Astrophysics of Galaxies, Astrophysics - Cosmology and Nongalactic Astrophysics},
         year = 2018,
        month = oct,
       volume = {238},
       number = {2},
          eid = {33},
        pages = {33},
          doi = {10.3847/1538-4365/aae387},
archivePrefix = {arXiv},
       eprint = {1806.02341},
 primaryClass = {astro-ph.GA},
       adsurl = {https://ui.adsabs.harvard.edu/abs/2018ApJS..238...33D},
      adsnote = {Provided by the SAO/NASA Astrophysics Data System}
}

@ARTICLE{Diemer_2019,
       author = {{Diemer}, Benedikt and {Stevens}, Adam R.~H. and {Lagos}, Claudia del P. and {Calette}, A.~R. and {Tacchella}, Sandro and {Hernquist}, Lars and {Marinacci}, Federico and {Nelson}, Dylan and {Pillepich}, Annalisa and {Rodriguez-Gomez}, Vicente and {Villaescusa-Navarro}, Francisco and {Vogelsberger}, Mark},
        title = "{Atomic and molecular gas in IllustrisTNG galaxies at low redshift}",
      journal = {\mnras},
     keywords = {ISM: molecules, galaxies: abundances, galaxies: star formation, galaxies: structure, Astrophysics - Astrophysics of Galaxies, Astrophysics - Cosmology and Nongalactic Astrophysics},
         year = 2019,
        month = aug,
       volume = {487},
       number = {2},
        pages = {1529-1550},
          doi = {10.1093/mnras/stz1323},
archivePrefix = {arXiv},
       eprint = {1902.10714},
 primaryClass = {astro-ph.GA},
       adsurl = {https://ui.adsabs.harvard.edu/abs/2019MNRAS.487.1529D},
      adsnote = {Provided by the SAO/NASA Astrophysics Data System}
}

@ARTICLE{Anbajagane_2022,
       author = {{Anbajagane}, Dhayaa and {Evrard}, August E. and {Farahi}, Arya},
        title = "{Baryonic imprints on DM haloes: population statistics from dwarf galaxies to galaxy clusters}",
      journal = {\mnras},
     keywords = {galaxies: haloes, galaxies: statistics, dark matter, Astrophysics - Cosmology and Nongalactic Astrophysics, Astrophysics - Astrophysics of Galaxies},
         year = 2022,
        month = jan,
       volume = {509},
       number = {3},
        pages = {3441-3461},
          doi = {10.1093/mnras/stab3177},
archivePrefix = {arXiv},
       eprint = {2109.02713},
 primaryClass = {astro-ph.CO},
       adsurl = {https://ui.adsabs.harvard.edu/abs/2022MNRAS.509.3441A},
      adsnote = {Provided by the SAO/NASA Astrophysics Data System}
}

@ARTICLE{Springel_2003,
       author = {{Springel}, Volker and {Hernquist}, Lars},
        title = "{Cosmological smoothed particle hydrodynamics simulations: a hybrid multiphase model for star formation}",
      journal = {\mnras},
     keywords = {methods: numerical, galaxies: evolution, galaxies: formation, Astrophysics},
         year = 2003,
        month = feb,
       volume = {339},
       number = {2},
        pages = {289-311},
          doi = {10.1046/j.1365-8711.2003.06206.x},
archivePrefix = {arXiv},
       eprint = {astro-ph/0206393},
 primaryClass = {astro-ph},
       adsurl = {https://ui.adsabs.harvard.edu/abs/2003MNRAS.339..289S},
      adsnote = {Provided by the SAO/NASA Astrophysics Data System}
}


@ARTICLE{Chabrier_2003,
       author = {{Chabrier}, Gilles},
        title = "{Galactic Stellar and Substellar Initial Mass Function}",
      journal = {\pasp},
     keywords = {Galaxies: Luminosity Function, Mass Function, Invited Reviews, Astrophysics},
         year = 2003,
        month = jul,
       volume = {115},
       number = {809},
        pages = {763-795},
          doi = {10.1086/376392},
archivePrefix = {arXiv},
       eprint = {astro-ph/0304382},
 primaryClass = {astro-ph},
       adsurl = {https://ui.adsabs.harvard.edu/abs/2003PASP..115..763C},
      adsnote = {Provided by the SAO/NASA Astrophysics Data System}
}


@ARTICLE{Springel_2001,
       author = {{Springel}, Volker and {White}, Simon D.~M. and {Tormen}, Giuseppe and {Kauffmann}, Guinevere},
        title = "{Populating a cluster of galaxies - I. Results at [formmu2]z=0}",
      journal = {\mnras},
     keywords = {GALAXIES: CLUSTERS: GENERAL, GALAXIES: FORMATION, DARK MATTER, Astrophysics},
         year = 2001,
        month = dec,
       volume = {328},
       number = {3},
        pages = {726-750},
          doi = {10.1046/j.1365-8711.2001.04912.x},
archivePrefix = {arXiv},
       eprint = {astro-ph/0012055},
 primaryClass = {astro-ph},
       adsurl = {https://ui.adsabs.harvard.edu/abs/2001MNRAS.328..726S},
      adsnote = {Provided by the SAO/NASA Astrophysics Data System}
}


@ARTICLE{Dolag_2009,
       author = {{Dolag}, K. and {Borgani}, S. and {Murante}, G. and {Springel}, V.},
        title = "{Substructures in hydrodynamical cluster simulations}",
      journal = {\mnras},
     keywords = {hydrodynamics, methods: numerical, galaxies: clusters: general, galaxies: evolution, cosmology: theory, Astrophysics},
         year = 2009,
        month = oct,
       volume = {399},
       number = {2},
        pages = {497-514},
          doi = {10.1111/j.1365-2966.2009.15034.x},
archivePrefix = {arXiv},
       eprint = {0808.3401},
 primaryClass = {astro-ph},
       adsurl = {https://ui.adsabs.harvard.edu/abs/2009MNRAS.399..497D},
      adsnote = {Provided by the SAO/NASA Astrophysics Data System}
}




@ARTICLE{Buser_1978,
       author = {{Buser}, R.},
        title = "{A systematic investigation of multicolor photometric systems. I. The UBV, RGU and uvby systems.}",
      journal = {\aap},
     keywords = {Astronomical Photometry, Bandwidth, Colorimetry, Stellar Spectrophotometry, Ubv Spectra, Interstellar Extinction, Late Stars, Main Sequence Stars, Spectral Energy Distribution, Stellar Luminosity, Stellar Models, Astronomy, Photometric Systems:RGU Photometry, Photometric Systems:Stroemgren Photometry, Photometric Systems:UBV Photometry},
         year = 1978,
        month = jan,
       volume = {62},
        pages = {411-424},
       adsurl = {https://ui.adsabs.harvard.edu/abs/1978A&A....62..411B},
      adsnote = {Provided by the SAO/NASA Astrophysics Data System}
}

@ARTICLE{Stoughton_2002,
       author = {{Stoughton}, Chris and others},
        title = "{Sloan Digital Sky Survey: Early Data Release}",
      journal = {\aj},
     keywords = {Atlases, Catalogs, Surveys},
         year = 2002,
        month = jan,
       volume = {123},
       number = {1},
        pages = {485-548},
          doi = {10.1086/324741},
       adsurl = {https://ui.adsabs.harvard.edu/abs/2002AJ....123..485S},
      adsnote = {Provided by the SAO/NASA Astrophysics Data System}
}

@ARTICLE{Diemer_2018_COLOSSUS,
       author = {{Diemer}, Benedikt},
        title = "{COLOSSUS: A Python Toolkit for Cosmology, Large-scale Structure, and Dark Matter Halos}",
      journal = {\apjs},
     keywords = {cosmology: theory, methods: numerical, Astrophysics - Cosmology and Nongalactic Astrophysics, Astrophysics - Instrumentation and Methods for Astrophysics},
         year = 2018,
        month = dec,
       volume = {239},
       number = {2},
          eid = {35},
        pages = {35},
          doi = {10.3847/1538-4365/aaee8c},
archivePrefix = {arXiv},
       eprint = {1712.04512},
 primaryClass = {astro-ph.CO},
       adsurl = {https://ui.adsabs.harvard.edu/abs/2018ApJS..239...35D},
      adsnote = {Provided by the SAO/NASA Astrophysics Data System}
}

@ARTICLE{Prada_2012,
       author = {{Prada}, Francisco and {Klypin}, Anatoly A. and {Cuesta}, Antonio J. and {Betancort-Rijo}, Juan E. and {Primack}, Joel},
        title = "{Halo concentrations in the standard {\ensuremath{\Lambda}} cold dark matter cosmology}",
      journal = {\mnras},
     keywords = {galaxies: haloes, cosmology: theory, dark matter, Astrophysics - Cosmology and Nongalactic Astrophysics},
         year = 2012,
        month = jul,
       volume = {423},
       number = {4},
        pages = {3018-3030},
          doi = {10.1111/j.1365-2966.2012.21007.x},
archivePrefix = {arXiv},
       eprint = {1104.5130},
 primaryClass = {astro-ph.CO},
       adsurl = {https://ui.adsabs.harvard.edu/abs/2012MNRAS.423.3018P},
      adsnote = {Provided by the SAO/NASA Astrophysics Data System}
}

@ARTICLE{Klypin_2016,
       author = {{Klypin}, Anatoly and {Yepes}, Gustavo and {Gottl{\"o}ber}, Stefan and {Prada}, Francisco and {He{\ss}}, Steffen},
        title = "{MultiDark simulations: the story of dark matter halo concentrations and density profiles}",
      journal = {\mnras},
     keywords = {methods: numerical, galaxies: haloes, dark matter, Astrophysics - Cosmology and Nongalactic Astrophysics},
         year = 2016,
        month = apr,
       volume = {457},
       number = {4},
        pages = {4340-4359},
          doi = {10.1093/mnras/stw248},
archivePrefix = {arXiv},
       eprint = {1411.4001},
 primaryClass = {astro-ph.CO},
       adsurl = {https://ui.adsabs.harvard.edu/abs/2016MNRAS.457.4340K},
      adsnote = {Provided by the SAO/NASA Astrophysics Data System}
}

@ARTICLE{Ntampaka2019MLDeepDream,
       author = {{Ntampaka}, M. and {ZuHone}, J. and {Eisenstein}, D. and {Nagai}, D. and {Vikhlinin}, A. and {Hernquist}, L. and {Marinacci}, F. and {Nelson}, D. and {Pakmor}, R. and {Pillepich}, A. and {Torrey}, P. and {Vogelsberger}, M.},
        title = "{A Deep Learning Approach to Galaxy Cluster X-Ray Masses}",
      journal = {\apj},
     keywords = {galaxies: clusters: general, methods: statistical, X-rays: galaxies: clusters, Astrophysics - Cosmology and Nongalactic Astrophysics},
         year = 2019,
        month = may,
       volume = {876},
       number = {1},
          eid = {82},
        pages = {82},
          doi = {10.3847/1538-4357/ab14eb},
archivePrefix = {arXiv},
       eprint = {1810.07703},
 primaryClass = {astro-ph.CO},
       adsurl = {https://ui.adsabs.harvard.edu/abs/2019ApJ...876...82N},
      adsnote = {Provided by the SAO/NASA Astrophysics Data System}
}

@ARTICLE{Machado2021SHAP,
       author = {{Machado Poletti Valle}, Luis Fernando and {Avestruz}, Camille and {Barnes}, David J. and {Farahi}, Arya and {Lau}, Erwin T. and {Nagai}, Daisuke},
        title = "{SHAPing the Gas: Understanding Gas shapes in dark matter haloes with interpretable machine learning}",
      journal = {\mnras},
     keywords = {cosmology: theory, dark matter, large-scale structure of Universe, galaxies: clusters: general, galaxies: groups: general, methods: numerical, Astrophysics - Cosmology and Nongalactic Astrophysics},
         year = 2021,
        month = aug,
          doi = {10.1093/mnras/stab2252},
archivePrefix = {arXiv},
       eprint = {2011.12987},
 primaryClass = {astro-ph.CO},
       adsurl = {https://ui.adsabs.harvard.edu/abs/2021MNRAS.tmp.2050M},
      adsnote = {Provided by the SAO/NASA Astrophysics Data System}
}

@ARTICLE{Villaescusa2022SingleGalaxy,
       author = {{Villaescusa-Navarro}, Francisco and {Ding}, Jupiter and {Genel}, Shy and {Tonnesen}, Stephanie and {La Torre}, Valentina and {Spergel}, David N. and {Teyssier}, Romain and {Li}, Yin and {Heneka}, Caroline and {Lemos}, Pablo and {Angl{\'e}s-Alc{\'a}zar}, Daniel and {Nagai}, Daisuke and {Vogelsberger}, Mark},
        title = "{Cosmology with one galaxy?}",
      journal = {arXiv e-prints},
     keywords = {Astrophysics - Cosmology and Nongalactic Astrophysics, Astrophysics - Astrophysics of Galaxies, Astrophysics - Instrumentation and Methods for Astrophysics},
         year = 2022,
        month = jan,
          eid = {arXiv:2201.02202},
        pages = {arXiv:2201.02202},
archivePrefix = {arXiv},
       eprint = {2201.02202},
 primaryClass = {astro-ph.CO},
       adsurl = {https://ui.adsabs.harvard.edu/abs/2022arXiv220102202V},
      adsnote = {Provided by the SAO/NASA Astrophysics Data System}
}

@software{epsie,
  author       = {Collin Capano and
                  Richard Stiskalek},
  title        = {cdcapano/epsie:},
  month        = nov,
  year         = 2021,
  publisher    = {Zenodo},
  version      = {v1.0.0},
  doi          = {10.5281/zenodo.5717226},
  url          = {https://doi.org/10.5281/zenodo.5717226}
}

@ARTICLE{Man_2019,
       author = {{Man}, Zhong-Yi and {Peng}, Ying-Jie and {Shi}, Jing-Jing and {Kong}, Xu and {Zhang}, Cheng-Peng and {Dou}, Jing and {Guo}, Ke-Xin},
        title = "{The Fundamental Relation between Halo Mass and Galaxy Group Properties}",
      journal = {\apj},
     keywords = {galaxies: evolution, galaxies: formation, galaxies: halos, methods: statistical, Astrophysics - Astrophysics of Galaxies},
         year = 2019,
        month = aug,
       volume = {881},
       number = {1},
          eid = {74},
        pages = {74},
          doi = {10.3847/1538-4357/ab2ece},
archivePrefix = {arXiv},
       eprint = {1907.01560},
 primaryClass = {astro-ph.GA},
       adsurl = {https://ui.adsabs.harvard.edu/abs/2019ApJ...881...74M},
      adsnote = {Provided by the SAO/NASA Astrophysics Data System}
}


@ARTICLE{BryanNorman1998,
       author = {{Bryan}, Greg L. and {Norman}, Michael L.},
        title = "{Statistical Properties of X-Ray Clusters: Analytic and Numerical Comparisons}",
      journal = {\apj},
     keywords = {GALAXIES: CLUSTERS: GENERAL, METHODS: NUMERICAL, X-RAYS: GALAXIES, Galaxies: Clusters: General, Methods: Numerical, X-Rays: Galaxies, Astrophysics},
         year = 1998,
        month = mar,
       volume = {495},
       number = {1},
        pages = {80-99},
          doi = {10.1086/305262},
archivePrefix = {arXiv},
       eprint = {astro-ph/9710107},
 primaryClass = {astro-ph},
       adsurl = {https://ui.adsabs.harvard.edu/abs/1998ApJ...495...80B},
      adsnote = {Provided by the SAO/NASA Astrophysics Data System}
}

@ARTICLE{Rohr,
       author = {{Rohr}, Eric and {Feldmann}, Robert and {Bullock}, James S. and {{\c{C}}atmabacak}, Onur and {Boylan-Kolchin}, Michael and {Faucher-Gigu{\`e}re}, Claude-Andr{\'e} and {Kere{\v{s}}}, Du{\v{s}}an and {Liang}, Lichen and {Moreno}, Jorge and {Wetzel}, Andrew},
        title = "{The galaxy-halo size relation of low-mass galaxies in FIRE}",
      journal = {\mnras},
     keywords = {methods: numerical, galaxies: dwarf, galaxies: evolution, galaxies: haloes, cosmology: theory, Astrophysics - Astrophysics of Galaxies},
         year = 2022,
        month = mar,
       volume = {510},
       number = {3},
        pages = {3967-3985},
          doi = {10.1093/mnras/stab3625},
archivePrefix = {arXiv},
       eprint = {2112.05159},
 primaryClass = {astro-ph.GA},
       adsurl = {https://ui.adsabs.harvard.edu/abs/2022MNRAS.510.3967R},
      adsnote = {Provided by the SAO/NASA Astrophysics Data System}
}

@ARTICLE{CAMELS_2021,
       author = {{Villaescusa-Navarro}, Francisco and {Angl{\'e}s-Alc{\'a}zar}, Daniel and {Genel}, Shy and {Spergel}, David N. and {Somerville}, Rachel S. and {Dave}, Romeel and {Pillepich}, Annalisa and {Hernquist}, Lars and {Nelson}, Dylan and {Torrey}, Paul and {Narayanan}, Desika and {Li}, Yin and {Philcox}, Oliver and {La Torre}, Valentina and {Maria Delgado}, Ana and {Ho}, Shirley and {Hassan}, Sultan and {Burkhart}, Blakesley and {Wadekar}, Digvijay and {Battaglia}, Nicholas and {Contardo}, Gabriella and {Bryan}, Greg L.},
        title = "{The CAMELS Project: Cosmology and Astrophysics with Machine-learning Simulations}",
      journal = {\apj},
     keywords = {Cosmology, Cosmological parameters from large-scale structure, Galaxy formation, Astrostatistics, 343, 340, 595, 1882, Astrophysics - Cosmology and Nongalactic Astrophysics, Astrophysics - Astrophysics of Galaxies, Astrophysics - Instrumentation and Methods for Astrophysics},
         year = 2021,
        month = jul,
       volume = {915},
       number = {1},
          eid = {71},
        pages = {71},
          doi = {10.3847/1538-4357/abf7ba},
archivePrefix = {arXiv},
       eprint = {2010.00619},
 primaryClass = {astro-ph.CO},
       adsurl = {https://ui.adsabs.harvard.edu/abs/2021ApJ...915...71V},
      adsnote = {Provided by the SAO/NASA Astrophysics Data System}
}

@ARTICLE{CAMELS_2022,
       author = {{Villaescusa-Navarro}, Francisco and {Genel}, Shy and {Angl{\'e}s-Alc{\'a}zar}, Daniel and {Perez}, Lucia A. and {Villanueva-Domingo}, Pablo and {Wadekar}, Digvijay and {Shao}, Helen and {Mohammad}, Faizan G. and {Hassan}, Sultan and {Moser}, Emily and {Lau}, Erwin T. and {Machado Poletti Valle}, Luis Fernando and {Nicola}, Andrina and {Thiele}, Leander and {Jo}, Yongseok and {Philcox}, Oliver H.~E. and {Oppenheimer}, Benjamin D. and {Tillman}, Megan and {Hahn}, ChangHoon and {Kaushal}, Neerav and {Pisani}, Alice and {Gebhardt}, Matthew and {Delgado}, Ana Maria and {Caliendo}, Joyce and {Kreisch}, Christina and {Wong}, Kaze W.~K. and {Coulton}, William R. and {Eickenberg}, Michael and {Parimbelli}, Gabriele and {Ni}, Yueying and {Steinwandel}, Ulrich P. and {La Torre}, Valentina and {Dave}, Romeel and {Battaglia}, Nicholas and {Nagai}, Daisuke and {Spergel}, David N. and {Hernquist}, Lars and {Burkhart}, Blakesley and {Narayanan}, Desika and {Wandelt}, Benjamin and {Somerville}, Rachel S. and {Bryan}, Greg L. and {Viel}, Matteo and {Li}, Yin and {Irsic}, Vid and {Kraljic}, Katarina and {Vogelsberger}, Mark},
        title = "{The CAMELS project: public data release}",
      journal = {arXiv e-prints},
     keywords = {Astrophysics - Cosmology and Nongalactic Astrophysics, Astrophysics - Astrophysics of Galaxies, Astrophysics - Instrumentation and Methods for Astrophysics, Computer Science - Artificial Intelligence, Computer Science - Machine Learning},
         year = 2022,
        month = jan,
          eid = {arXiv:2201.01300},
        pages = {arXiv:2201.01300},
archivePrefix = {arXiv},
       eprint = {2201.01300},
 primaryClass = {astro-ph.CO},
       adsurl = {https://ui.adsabs.harvard.edu/abs/2022arXiv220101300V},
      adsnote = {Provided by the SAO/NASA Astrophysics Data System}
}

@ARTICLE{Conroy2006,
       author = {{Conroy}, Charlie and {Wechsler}, Risa H. and {Kravtsov}, Andrey V.},
        title = "{Modeling Luminosity-dependent Galaxy Clustering through Cosmic Time}",
      journal = {\apj},
     keywords = {Cosmology: Theory, Cosmology: Dark Matter, Galaxies: Clusters: General, Galaxies: Evolution, Galaxies: Halos, Cosmology: Large-Scale Structure of Universe, Astrophysics},
         year = 2006,
        month = aug,
       volume = {647},
       number = {1},
        pages = {201-214},
          doi = {10.1086/503602},
archivePrefix = {arXiv},
       eprint = {astro-ph/0512234},
 primaryClass = {astro-ph},
       adsurl = {https://ui.adsabs.harvard.edu/abs/2006ApJ...647..201C},
      adsnote = {Provided by the SAO/NASA Astrophysics Data System}
}

@ARTICLE{Moster2010,
       author = {{Moster}, Benjamin P. and {Somerville}, Rachel S. and {Maulbetsch}, Christian and {van den Bosch}, Frank C. and {Macci{\`o}}, Andrea V. and {Naab}, Thorsten and {Oser}, Ludwig},
        title = "{Constraints on the Relationship between Stellar Mass and Halo Mass at Low and High Redshift}",
      journal = {\apj},
     keywords = {cosmology: theory, dark matter, galaxies: clusters: general, galaxies: evolution, galaxies: halos, galaxies: high-redshift, galaxies: statistics, galaxies: stellar content, large-scale structure of universe, Astrophysics - Cosmology and Extragalactic Astrophysics},
         year = 2010,
        month = feb,
       volume = {710},
       number = {2},
        pages = {903-923},
          doi = {10.1088/0004-637X/710/2/903},
archivePrefix = {arXiv},
       eprint = {0903.4682},
 primaryClass = {astro-ph.CO},
       adsurl = {https://ui.adsabs.harvard.edu/abs/2010ApJ...710..903M},
      adsnote = {Provided by the SAO/NASA Astrophysics Data System}
}



@ARTICLE{Reddick2013,
       author = {{Reddick}, Rachel M. and {Wechsler}, Risa H. and {Tinker}, Jeremy L. and {Behroozi}, Peter S.},
        title = "{The Connection between Galaxies and Dark Matter Structures in the Local Universe}",
      journal = {\apj},
     keywords = {dark matter, galaxies: formation, galaxies: groups: general, galaxies: halos, large-scale structure of universe, methods: statistical, Astrophysics - Cosmology and Extragalactic Astrophysics},
         year = 2013,
        month = jul,
       volume = {771},
       number = {1},
          eid = {30},
        pages = {30},
          doi = {10.1088/0004-637X/771/1/30},
archivePrefix = {arXiv},
       eprint = {1207.2160},
 primaryClass = {astro-ph.CO},
       adsurl = {https://ui.adsabs.harvard.edu/abs/2013ApJ...771...30R},
      adsnote = {Provided by the SAO/NASA Astrophysics Data System}
}

@ARTICLE{Lehmann2017,
       author = {{Lehmann}, Benjamin V. and {Mao}, Yao-Yuan and {Becker}, Matthew R. and {Skillman}, Samuel W. and {Wechsler}, Risa H.},
        title = "{The Concentration Dependence of the Galaxy-Halo Connection: Modeling Assembly Bias with Abundance Matching}",
      journal = {\apj},
     keywords = {dark matter, galaxies: halos, methods: analytical, methods: numerical, Astrophysics - Cosmology and Nongalactic Astrophysics, Astrophysics - Astrophysics of Galaxies},
         year = 2017,
        month = jan,
       volume = {834},
       number = {1},
          eid = {37},
        pages = {37},
          doi = {10.3847/1538-4357/834/1/37},
archivePrefix = {arXiv},
       eprint = {1510.05651},
 primaryClass = {astro-ph.CO},
       adsurl = {https://ui.adsabs.harvard.edu/abs/2017ApJ...834...37L},
      adsnote = {Provided by the SAO/NASA Astrophysics Data System}
}


@ARTICLE{Stiskalek2021,
       author = {{Stiskalek}, Richard and {Desmond}, Harry and {Holvey}, Thomas and {Jones}, Michael G.},
        title = "{The dependence of subhalo abundance matching on galaxy photometry and selection criteria}",
      journal = {\mnras},
     keywords = {galaxies: haloes, galaxies: photometry, dark matter, Astrophysics - Astrophysics of Galaxies, Astrophysics - Cosmology and Nongalactic Astrophysics},
         year = 2021,
        month = sep,
       volume = {506},
       number = {3},
        pages = {3205-3223},
          doi = {10.1093/mnras/stab1845},
archivePrefix = {arXiv},
       eprint = {2101.02765},
 primaryClass = {astro-ph.GA},
       adsurl = {https://ui.adsabs.harvard.edu/abs/2021MNRAS.506.3205S},
      adsnote = {Provided by the SAO/NASA Astrophysics Data System}
}

@ARTICLE{Dutta2021,
       author = {{Dutta}, Saili and {Khandai}, Nishikanta and {Rana}, Sandeep},
        title = "{The Dark Matter Halos of HI Selected Galaxies}",
      journal = {\mnras},
     keywords = {galaxies: formation, evolution, luminosity function, mass function, radio lines: galaxies, surveys, cosmology: dark matter, Astrophysics - Astrophysics of Galaxies, Astrophysics - Cosmology and Nongalactic Astrophysics},
         year = 2021,
        month = dec,
          doi = {10.1093/mnras/stab3618},
archivePrefix = {arXiv},
       eprint = {2108.03253},
 primaryClass = {astro-ph.GA},
       adsurl = {https://ui.adsabs.harvard.edu/abs/2021MNRAS.tmp.3283D},
      adsnote = {Provided by the SAO/NASA Astrophysics Data System}
}


@ARTICLE{CAM,
       author = {{Hearin}, Andrew P. and {Watson}, Douglas F. and {Becker}, Matthew R. and {Reyes}, Reinabelle and {Berlind}, Andreas A. and {Zentner}, Andrew R.},
        title = "{The dark side of galaxy colour: evidence from new SDSS measurements of galaxy clustering and lensing}",
      journal = {\mnras},
     keywords = {galaxies: evolution, galaxies: haloes, cosmology: theory, dark matter, large-scale structure of universe, Astrophysics - Cosmology and Nongalactic Astrophysics},
         year = 2014,
        month = oct,
       volume = {444},
       number = {1},
        pages = {729-743},
          doi = {10.1093/mnras/stu1443},
archivePrefix = {arXiv},
       eprint = {1310.6747},
 primaryClass = {astro-ph.CO},
       adsurl = {https://ui.adsabs.harvard.edu/abs/2014MNRAS.444..729H},
      adsnote = {Provided by the SAO/NASA Astrophysics Data System}
}

@ARTICLE{Reddick_2014,
       author = {{Reddick}, Rachel M. and {Tinker}, Jeremy L. and {Wechsler}, Risa H. and {Lu}, Yu},
        title = "{Cosmological Constraints from Galaxy Clustering and the Mass-to-number Ratio of Galaxy Clusters: Marginalizing over the Physics of Galaxy Formation}",
      journal = {\apj},
     keywords = {cosmological parameters, galaxies: clusters: general, galaxies: formation, galaxies: halos, large-scale structure of universe, Astrophysics - Cosmology and Extragalactic Astrophysics},
         year = 2014,
        month = mar,
       volume = {783},
       number = {2},
          eid = {118},
        pages = {118},
          doi = {10.1088/0004-637X/783/2/118},
archivePrefix = {arXiv},
       eprint = {1306.4686},
 primaryClass = {astro-ph.CO},
       adsurl = {https://ui.adsabs.harvard.edu/abs/2014ApJ...783..118R},
      adsnote = {Provided by the SAO/NASA Astrophysics Data System}
}

@ARTICLE{Donnari_2019,
       author = {{Donnari}, Martina and {Pillepich}, Annalisa and {Nelson}, Dylan and {Vogelsberger}, Mark and {Genel}, Shy and {Weinberger}, Rainer and {Marinacci}, Federico and {Springel}, Volker and {Hernquist}, Lars},
        title = "{The star formation activity of IllustrisTNG galaxies: main sequence, UVJ diagram, quenched fractions, and systematics}",
      journal = {\mnras},
     keywords = {methods: numerical, galaxies: evolution, galaxies: formation, galaxies: star formation, cosmology: theory, Astrophysics - Astrophysics of Galaxies},
         year = 2019,
        month = jun,
       volume = {485},
       number = {4},
        pages = {4817-4840},
          doi = {10.1093/mnras/stz712},
archivePrefix = {arXiv},
       eprint = {1812.07584},
 primaryClass = {astro-ph.GA},
       adsurl = {https://ui.adsabs.harvard.edu/abs/2019MNRAS.485.4817D},
      adsnote = {Provided by the SAO/NASA Astrophysics Data System}
}

@ARTICLE{Pillepich_2019,
       author = {{Pillepich}, Annalisa and {Nelson}, Dylan and {Springel}, Volker and {Pakmor}, R{\"u}diger and {Torrey}, Paul and {Weinberger}, Rainer and {Vogelsberger}, Mark and {Marinacci}, Federico and {Genel}, Shy and {van der Wel}, Arjen and {Hernquist}, Lars},
        title = "{First results from the TNG50 simulation: the evolution of stellar and gaseous discs across cosmic time}",
      journal = {\mnras},
     keywords = {methods: numerical, galaxies: evolution, galaxies: formation, galaxies: kinematics and dynamics, galaxies: star formation, galaxies: structure, Astrophysics - Astrophysics of Galaxies, Astrophysics - Cosmology and Nongalactic Astrophysics},
         year = 2019,
        month = dec,
       volume = {490},
       number = {3},
        pages = {3196-3233},
          doi = {10.1093/mnras/stz2338},
archivePrefix = {arXiv},
       eprint = {1902.05553},
 primaryClass = {astro-ph.GA},
       adsurl = {https://ui.adsabs.harvard.edu/abs/2019MNRAS.490.3196P},
      adsnote = {Provided by the SAO/NASA Astrophysics Data System}
}

@ARTICLE{Jeffrey_2020,
       author = {{Jeffrey}, Niall and {Wandelt}, Benjamin D.},
        title = "{Solving high-dimensional parameter inference: marginal posterior densities \& Moment Networks}",
      journal = {arXiv e-prints},
     keywords = {Statistics - Machine Learning, Astrophysics - Cosmology and Nongalactic Astrophysics, Computer Science - Machine Learning},
         year = 2020,
        month = nov,
          eid = {arXiv:2011.05991},
        pages = {arXiv:2011.05991},
archivePrefix = {arXiv},
       eprint = {2011.05991},
 primaryClass = {stat.ML},
       adsurl = {https://ui.adsabs.harvard.edu/abs/2020arXiv201105991J},
      adsnote = {Provided by the SAO/NASA Astrophysics Data System}
}


@ARTICLE{Optuna,
       author = {{Akiba}, Takuya and {Sano}, Shotaro and {Yanase}, Toshihiko and {Ohta}, Takeru and {Koyama}, Masanori},
        title = "{Optuna: A Next-generation Hyperparameter Optimization Framework}",
      journal = {arXiv e-prints},
     keywords = {Computer Science - Machine Learning, Statistics - Machine Learning},
         year = 2019,
        month = jul,
          eid = {arXiv:1907.10902},
        pages = {arXiv:1907.10902},
archivePrefix = {arXiv},
       eprint = {1907.10902},
 primaryClass = {cs.LG},
       adsurl = {https://ui.adsabs.harvard.edu/abs/2019arXiv190710902A},
      adsnote = {Provided by the SAO/NASA Astrophysics Data System}
}

@ARTICLE{Villaescusa_Navarro_2021_marg,
       author = {{Villaescusa-Navarro}, Francisco and {Genel}, Shy and {Angles-Alcazar}, Daniel and {Spergel}, David N. and {Li}, Yin and {Wandelt}, Benjamin and {Thiele}, Leander and {Nicola}, Andrina and {Zorrilla Matilla}, Jose Manuel and {Shao}, Helen and {Hassan}, Sultan and {Narayanan}, Desika and {Dave}, Romeel and {Vogelsberger}, Mark},
        title = "{Robust marginalization of baryonic effects for cosmological inference at the field level}",
      journal = {arXiv e-prints},
     keywords = {Astrophysics - Cosmology and Nongalactic Astrophysics, Astrophysics - Astrophysics of Galaxies, Astrophysics - Instrumentation and Methods for Astrophysics, Computer Science - Computer Vision and Pattern Recognition, Computer Science - Machine Learning},
         year = 2021,
        month = sep,
          eid = {arXiv:2109.10360},
        pages = {arXiv:2109.10360},
archivePrefix = {arXiv},
       eprint = {2109.10360},
 primaryClass = {astro-ph.CO},
       adsurl = {https://ui.adsabs.harvard.edu/abs/2021arXiv210910360V},
      adsnote = {Provided by the SAO/NASA Astrophysics Data System}
}


@ARTICLE{Zemp2011Shapes,
       author = {{Zemp}, Marcel and {Gnedin}, Oleg Y. and {Gnedin}, Nickolay Y. and {Kravtsov}, Andrey V.},
        title = "{On Determining the Shape of Matter Distributions}",
      journal = {\apjs},
     keywords = {methods: data analysis, methods: numerical, Astrophysics - Instrumentation and Methods for Astrophysics, Astrophysics - Galaxy Astrophysics},
         year = 2011,
        month = dec,
       volume = {197},
       number = {2},
          eid = {30},
        pages = {30},
          doi = {10.1088/0067-0049/197/2/30},
archivePrefix = {arXiv},
       eprint = {1107.5582},
 primaryClass = {astro-ph.IM},
       adsurl = {https://ui.adsabs.harvard.edu/abs/2011ApJS..197...30Z},
      adsnote = {Provided by the SAO/NASA Astrophysics Data System}
}

@ARTICLE{McCarthy2017Bahamas,
       author = {{McCarthy}, Ian G. and {Schaye}, Joop and {Bird}, Simeon and {Le Brun}, Amandine M.~C.},
        title = "{The BAHAMAS project: calibrated hydrodynamical simulations for large-scale structure cosmology}",
      journal = {\mnras},
     keywords = {galaxies: clusters: general, galaxies: haloes, cosmology: theory, large-scale structure of Universe, Astrophysics - Cosmology and Nongalactic Astrophysics, Astrophysics - Astrophysics of Galaxies},
         year = 2017,
        month = mar,
       volume = {465},
       number = {3},
        pages = {2936-2965},
          doi = {10.1093/mnras/stw2792},
archivePrefix = {arXiv},
       eprint = {1603.02702},
 primaryClass = {astro-ph.CO},
       adsurl = {https://ui.adsabs.harvard.edu/abs/2017MNRAS.465.2936M},
      adsnote = {Provided by the SAO/NASA Astrophysics Data System}
}

@ARTICLE{Cui2018The300,
       author = {{Cui}, Weiguang and {Knebe}, Alexander and {Yepes}, Gustavo and {Pearce}, Frazer and {Power}, Chris and {Dave}, Romeel and {Arth}, Alexander and {Borgani}, Stefano and {Dolag}, Klaus and {Elahi}, Pascal and {Mostoghiu}, Robert and {Murante}, Giuseppe and {Rasia}, Elena and {Stoppacher}, Doris and {Vega-Ferrero}, Jesus and {Wang}, Yang and {Yang}, Xiaohu and {Benson}, Andrew and {Cora}, Sof{\'\i}a A. and {Croton}, Darren J. and {Sinha}, Manodeep and {Stevens}, Adam R.~H. and {Vega-Mart{\'\i}nez}, Cristian A. and {Arthur}, Jake and {Baldi}, Anna S. and {Ca{\~n}as}, Rodrigo and {Cialone}, Giammarco and {Cunnama}, Daniel and {De Petris}, Marco and {Durando}, Giacomo and {Ettori}, Stefano and {Gottl{\"o}ber}, Stefan and {Nuza}, Sebasti{\'a}n E. and {Old}, Lyndsay J. and {Pilipenko}, Sergey and {Sorce}, Jenny G. and {Welker}, Charlotte},
        title = "{The Three Hundred project: a large catalogue of theoretically modelled galaxy clusters for cosmological and astrophysical applications}",
      journal = {\mnras},
     keywords = {galaxies: clusters: general, galaxies: clusters: intracluster medium, galaxies: general, galaxies: haloes, Astrophysics - Astrophysics of Galaxies},
         year = 2018,
        month = nov,
       volume = {480},
       number = {3},
        pages = {2898-2915},
          doi = {10.1093/mnras/sty2111},
archivePrefix = {arXiv},
       eprint = {1809.04622},
 primaryClass = {astro-ph.GA},
       adsurl = {https://ui.adsabs.harvard.edu/abs/2018MNRAS.480.2898C},
      adsnote = {Provided by the SAO/NASA Astrophysics Data System}
}

@ARTICLE{Singh2020MagneticumCosmology,
       author = {{Singh}, Priyanka and {Saro}, Alex and {Costanzi}, Matteo and {Dolag}, Klaus},
        title = "{Cosmology dependence of galaxy cluster scaling relations}",
      journal = {\mnras},
     keywords = {large-scale structure of Universe, Astrophysics - Cosmology and Nongalactic Astrophysics},
         year = 2020,
        month = may,
       volume = {494},
       number = {3},
        pages = {3728-3740},
          doi = {10.1093/mnras/staa1004},
archivePrefix = {arXiv},
       eprint = {1911.05751},
 primaryClass = {astro-ph.CO},
       adsurl = {https://ui.adsabs.harvard.edu/abs/2020MNRAS.494.3728S},
      adsnote = {Provided by the SAO/NASA Astrophysics Data System}
}

@ARTICLE{Ragagnin2021HOD,
       author = {{Ragagnin}, Antonio and {Fumagalli}, Alessandra and {Castro}, Tiago and {Dolag}, Klaus and {Saro}, Alexandro and {Costanzi}, Matteo and {Bocquet}, Sebastian},
        title = "{Satellite galaxy abundance dependency on cosmology in Magneticum simulations}",
      journal = {arXiv e-prints},
     keywords = {Astrophysics - Cosmology and Nongalactic Astrophysics, Astrophysics - Astrophysics of Galaxies, Computer Science - Machine Learning},
         year = 2021,
        month = oct,
          eid = {arXiv:2110.05498},
        pages = {arXiv:2110.05498},
archivePrefix = {arXiv},
       eprint = {2110.05498},
 primaryClass = {astro-ph.CO},
       adsurl = {https://ui.adsabs.harvard.edu/abs/2021arXiv211005498R},
      adsnote = {Provided by the SAO/NASA Astrophysics Data System}
}

@ARTICLE{Ragagnin2021Concentrations,
       author = {{Ragagnin}, Antonio and {Saro}, Alexandro and {Singh}, Priyanka and {Dolag}, Klaus},
        title = "{Cosmology dependence of halo masses and concentrations in hydrodynamic simulations}",
      journal = {\mnras},
     keywords = {Galaxy: halo, cosmological parameters, large-scale structure of Universe, Astrophysics - Cosmology and Nongalactic Astrophysics, Astrophysics - Astrophysics of Galaxies},
         year = 2021,
        month = jan,
       volume = {500},
       number = {4},
        pages = {5056-5071},
          doi = {10.1093/mnras/staa3523},
archivePrefix = {arXiv},
       eprint = {2011.05345},
 primaryClass = {astro-ph.CO},
       adsurl = {https://ui.adsabs.harvard.edu/abs/2021MNRAS.500.5056R},
      adsnote = {Provided by the SAO/NASA Astrophysics Data System}
}


@ARTICLE{Anbajagane2020Stellar,
       author = {{Anbajagane}, Dhayaa and {Evrard}, August E. and {Farahi}, Arya and {Barnes}, David J. and {Dolag}, Klaus and {McCarthy}, Ian G. and {Nelson}, Dylan and {Pillepich}, Annalisa},
        title = "{Stellar property statistics of massive haloes from cosmological hydrodynamics simulations: common kernel shapes}",
      journal = {\mnras},
     keywords = {methods: statistical, galaxies: clusters: general, galaxies: evolution, galaxies: haloes, Astrophysics - Astrophysics of Galaxies, Astrophysics - Cosmology and Nongalactic Astrophysics},
         year = 2020,
        month = jun,
       volume = {495},
       number = {1},
        pages = {686-704},
          doi = {10.1093/mnras/staa1147},
archivePrefix = {arXiv},
       eprint = {2001.02283},
 primaryClass = {astro-ph.GA},
       adsurl = {https://ui.adsabs.harvard.edu/abs/2020MNRAS.495..686A},
      adsnote = {Provided by the SAO/NASA Astrophysics Data System}
}

@ARTICLE{Anbajagane2022GalaxyVel,
       author = {{Anbajagane}, Dhayaa and {Aung}, Han and {Evrard}, August E. and {Farahi}, Arya and {Nagai}, Daisuke and {Barnes}, David J. and {Cui}, Weiguang and {Dolag}, Klaus and {McCarthy}, Ian G. and {Rasia}, Elena and {Yepes}, Gustavo},
        title = "{Galaxy velocity bias in cosmological simulations: towards per cent-level calibration}",
      journal = {\mnras},
     keywords = {methods: statistical, galaxies: haloes, galaxies: kinematics and dynamics, Astrophysics - Cosmology and Nongalactic Astrophysics, Astrophysics - Astrophysics of Galaxies},
         year = 2022,
        month = feb,
       volume = {510},
       number = {2},
        pages = {2980-2997},
          doi = {10.1093/mnras/stab3587},
archivePrefix = {arXiv},
       eprint = {2110.01683},
 primaryClass = {astro-ph.CO},
       adsurl = {https://ui.adsabs.harvard.edu/abs/2022MNRAS.510.2980A},
      adsnote = {Provided by the SAO/NASA Astrophysics Data System}
}

@ARTICLE{Lim2021Gas,
       author = {{Lim}, S.~H. and {Barnes}, D. and {Vogelsberger}, M. and {Mo}, H.~J. and {Nelson}, D. and {Pillepich}, A. and {Dolag}, K. and {Marinacci}, F.},
        title = "{Properties of the ionized CGM and IGM: tests for galaxy formation models from the Sunyaev-Zel'dovich effect}",
      journal = {\mnras},
     keywords = {methods: statistical, galaxies: evolution, galaxies: formation, galaxies: haloes, Astrophysics - Astrophysics of Galaxies},
         year = 2021,
        month = jul,
       volume = {504},
       number = {4},
        pages = {5131-5143},
          doi = {10.1093/mnras/stab1172},
archivePrefix = {arXiv},
       eprint = {2007.11583},
 primaryClass = {astro-ph.GA},
       adsurl = {https://ui.adsabs.harvard.edu/abs/2021MNRAS.504.5131L},
      adsnote = {Provided by the SAO/NASA Astrophysics Data System}
}

@ARTICLE{Ho2021MLUncertainties,
       author = {{Ho}, Matthew and {Farahi}, Arya and {Rau}, Markus Michael and {Trac}, Hy},
        title = "{Approximate Bayesian Uncertainties on Deep Learning Dynamical Mass Estimates of Galaxy Clusters}",
      journal = {\apj},
     keywords = {Cosmology, Galaxy dynamics, Astrostatistics, Galaxy clusters, 343, 591, 1882, 584, Astrophysics - Cosmology and Nongalactic Astrophysics},
         year = 2021,
        month = feb,
       volume = {908},
       number = {2},
          eid = {204},
        pages = {204},
          doi = {10.3847/1538-4357/abd101},
archivePrefix = {arXiv},
       eprint = {2006.13231},
 primaryClass = {astro-ph.CO},
       adsurl = {https://ui.adsabs.harvard.edu/abs/2021ApJ...908..204H},
      adsnote = {Provided by the SAO/NASA Astrophysics Data System}
}

@ARTICLE{Ramanah2021MLUncertainties,
       author = {{Kodi Ramanah}, Doogesh and {Wojtak}, Rados{\l}aw and {Arendse}, Nikki},
        title = "{Simulation-based inference of dynamical galaxy cluster masses with 3D convolutional neural networks}",
      journal = {\mnras},
     keywords = {methods: numerical, methods: statistical, galaxies: clusters: general, Astrophysics - Cosmology and Nongalactic Astrophysics, Astrophysics - Astrophysics of Galaxies, Astrophysics - Instrumentation and Methods for Astrophysics},
         year = 2021,
        month = mar,
       volume = {501},
       number = {3},
        pages = {4080-4091},
          doi = {10.1093/mnras/staa3922},
archivePrefix = {arXiv},
       eprint = {2009.03340},
 primaryClass = {astro-ph.CO},
       adsurl = {https://ui.adsabs.harvard.edu/abs/2021MNRAS.501.4080K},
      adsnote = {Provided by the SAO/NASA Astrophysics Data System}
}

@ARTICLE{Ramanah2020MLUncertainties,
       author = {{Kodi Ramanah}, Doogesh and {Wojtak}, Rados{\l}aw and {Ansari}, Zoe and {Gall}, Christa and {Hjorth}, Jens},
        title = "{Dynamical mass inference of galaxy clusters with neural flows}",
      journal = {\mnras},
     keywords = {methods: numerical, methods: statistical, galaxies: clusters: general, Astrophysics - Cosmology and Nongalactic Astrophysics, Astrophysics - Astrophysics of Galaxies, Astrophysics - Instrumentation and Methods for Astrophysics},
         year = 2020,
        month = dec,
       volume = {499},
       number = {2},
        pages = {1985-1997},
          doi = {10.1093/mnras/staa2886},
archivePrefix = {arXiv},
       eprint = {2003.05951},
 primaryClass = {astro-ph.CO},
       adsurl = {https://ui.adsabs.harvard.edu/abs/2020MNRAS.499.1985K},
      adsnote = {Provided by the SAO/NASA Astrophysics Data System}
}

@ARTICLE{Eisert2022ErgoML,
       author = {{Eisert}, Lukas and {Pillepich}, Annalisa and {Nelson}, Dylan and {Klessen}, Ralf S. and {Huertas-Company}, Marc and {Rodriguez-Gomez}, Vicente},
        title = "{ERGO-ML I: Inferring the assembly histories of IllustrisTNG galaxies from integral observable properties via invertible neural networks}",
      journal = {arXiv e-prints},
     keywords = {Astrophysics - Astrophysics of Galaxies},
         year = 2022,
        month = feb,
          eid = {arXiv:2202.06967},
        pages = {arXiv:2202.06967},
archivePrefix = {arXiv},
       eprint = {2202.06967},
 primaryClass = {astro-ph.GA},
       adsurl = {https://ui.adsabs.harvard.edu/abs/2022arXiv220206967E},
      adsnote = {Provided by the SAO/NASA Astrophysics Data System}
}

@ARTICLE{Ciprijanovic2021DomAdap,
       author = {{{\'C}iprijanovi{\'c}}, A. and {Kafkes}, D. and {Downey}, K. and {Jenkins}, S. and {Perdue}, G.~N. and {Madireddy}, S. and {Johnston}, T. and {Snyder}, G.~F. and {Nord}, B.},
        title = "{DeepMerge - II. Building robust deep learning algorithms for merging galaxy identification across domains}",
      journal = {\mnras},
     keywords = {methods: data analysis, techniques: image processing, galaxies: evolution, galaxies: interactions, Astrophysics - Instrumentation and Methods for Astrophysics, Astrophysics - Astrophysics of Galaxies, Computer Science - Artificial Intelligence, Computer Science - Computer Vision and Pattern Recognition, Computer Science - Machine Learning},
         year = 2021,
        month = sep,
       volume = {506},
       number = {1},
        pages = {677-691},
          doi = {10.1093/mnras/stab1677},
archivePrefix = {arXiv},
       eprint = {2103.01373},
 primaryClass = {astro-ph.IM},
       adsurl = {https://ui.adsabs.harvard.edu/abs/2021MNRAS.506..677C},
      adsnote = {Provided by the SAO/NASA Astrophysics Data System}
}

@ARTICLE{DeRose2019Buzzard,
       author = {{DeRose}, Joseph and {Wechsler}, Risa H. and {Becker}, Matthew R. and {Busha}, Michael T. and {Rykoff}, Eli S. and {MacCrann}, Niall and {Erickson}, Brandon and {Evrard}, August E. and {Kravtsov}, Andrey and {Gruen}, Daniel and {Allam}, Sahar and {Avila}, Santiago and {Bridle}, Sarah and {Brooks}, David and {Buckley-Geer}, Elizabeth and {Carnero Rosell}, Aurelio and {Carrasco Kind}, Matias and {Carretero}, Jorge and {Castander}, Francisco J. and {Cawthon}, Ross and {Crocce}, Martin and {da Costa}, Luiz N. and {Davis}, Christopher and {De Vicente}, Juan and {Dietrich}, J{\"o}rg P. and {Doel}, Peter and {Drlica-Wagner}, Alex and {Fosalba}, Pablo and {Frieman}, Josh and {Garcia-Bellido}, Juan and {Gutierrez}, Gaston and {Hartley}, Will G. and {Hollowood}, Devon L. and {Hoyle}, Ben and {James}, David J. and {Krause}, Elisabeth and {Kuehn}, Kyler and {Kuropatkin}, Nikolay and {Lima}, Marcos and {Maia}, Marcio A.~G. and {Menanteau}, Felipe and {Miller}, Christopher J. and {Miquel}, Ramon and {Ogando}, Ricardo L.~C. and {Plazas Malag{\'o}n}, Andr{\'e}s and {Romer}, A. Kathy and {Sanchez}, Eusebio and {Schindler}, Rafe and {Serrano}, Santiago and {Sevilla-Noarbe}, Ignacio and {Smith}, Mathew and {Suchyta}, Eric and {Swanson}, Molly E.~C. and {Tarle}, Gregory and {Vikram}, Vinu},
        title = "{The Buzzard Flock: Dark Energy Survey Synthetic Sky Catalogs}",
      journal = {arXiv e-prints},
     keywords = {Astrophysics - Cosmology and Nongalactic Astrophysics},
         year = 2019,
        month = jan,
          eid = {arXiv:1901.02401},
        pages = {arXiv:1901.02401},
archivePrefix = {arXiv},
       eprint = {1901.02401},
 primaryClass = {astro-ph.CO},
       adsurl = {https://ui.adsabs.harvard.edu/abs/2019arXiv190102401D},
      adsnote = {Provided by the SAO/NASA Astrophysics Data System}
}

@ARTICLE{Wechsler2021Addgals,
       author = {{Wechsler}, Risa H. and {DeRose}, Joseph and {Busha}, Michael T. and {Becker}, Matthew R. and {Rykoff}, Eli and {Evrard}, August},
        title = "{ADDGALS: Simulated Sky Catalogs for Wide Field Galaxy Surveys}",
      journal = {arXiv e-prints},
     keywords = {Astrophysics - Cosmology and Nongalactic Astrophysics},
         year = 2021,
        month = may,
          eid = {arXiv:2105.12105},
        pages = {arXiv:2105.12105},
archivePrefix = {arXiv},
       eprint = {2105.12105},
 primaryClass = {astro-ph.CO},
       adsurl = {https://ui.adsabs.harvard.edu/abs/2021arXiv210512105W},
      adsnote = {Provided by the SAO/NASA Astrophysics Data System}
}





@ARTICLE{Olson_2016,
       author = {{Olson}, Randal S. and {Bartley}, Nathan and {Urbanowicz}, Ryan J. and {Moore}, Jason H.},
        title = "{Evaluation of a Tree-based Pipeline Optimization Tool for Automating Data Science}",
      journal = {arXiv e-prints},
     keywords = {Computer Science - Neural and Evolutionary Computing, Computer Science - Artificial Intelligence, Computer Science - Machine Learning},
         year = 2016,
        month = mar,
          eid = {arXiv:1603.06212},
        pages = {arXiv:1603.06212},
archivePrefix = {arXiv},
       eprint = {1603.06212},
 primaryClass = {cs.NE},
       adsurl = {https://ui.adsabs.harvard.edu/abs/2016arXiv160306212O},
      adsnote = {Provided by the SAO/NASA Astrophysics Data System}
}


@ARTICLE{de_Santi_2022,
       author = {{de Santi}, Natal{\'\i} S.~M. and {Rodrigues}, Nat{\'a}lia V.~N. and {Montero-Dorta}, Antonio D. and {Abramo}, L. Raul and {Tucci}, Beatriz and {Artale}, M. Celeste},
        title = "{Mimicking the halo-galaxy connection using machine learning}",
      journal = {arXiv e-prints},
     keywords = {Astrophysics - Astrophysics of Galaxies, Astrophysics - Cosmology and Nongalactic Astrophysics},
         year = 2022,
        month = jan,
          eid = {arXiv:2201.06054},
        pages = {arXiv:2201.06054},
archivePrefix = {arXiv},
       eprint = {2201.06054},
 primaryClass = {astro-ph.GA},
       adsurl = {https://ui.adsabs.harvard.edu/abs/2022arXiv220106054D},
      adsnote = {Provided by the SAO/NASA Astrophysics Data System}
}

@ARTICLE{Kamdar_2016,
       author = {{Kamdar}, Harshil M. and {Turk}, Matthew J. and {Brunner}, Robert J.},
        title = "{Machine learning and cosmological simulations - II. Hydrodynamical simulations}",
      journal = {\mnras},
     keywords = {galaxies: evolution, galaxies: formation, galaxies: haloes, cosmology: theory, large-scale structure of Universe, Astrophysics - Astrophysics of Galaxies, Astrophysics - Cosmology and Nongalactic Astrophysics},
         year = 2016,
        month = apr,
       volume = {457},
       number = {2},
        pages = {1162-1179},
          doi = {10.1093/mnras/stv2981},
archivePrefix = {arXiv},
       eprint = {1510.07659},
 primaryClass = {astro-ph.GA},
       adsurl = {https://ui.adsabs.harvard.edu/abs/2016MNRAS.457.1162K},
      adsnote = {Provided by the SAO/NASA Astrophysics Data System}
}


@ARTICLE{NGBoost,
       author = {{Duan}, Tony and {Avati}, Anand and {Ding}, Daisy Yi and {Thai}, Khanh K. and {Basu}, Sanjay and {Ng}, Andrew Y. and {Schuler}, Alejandro},
        title = "{NGBoost: Natural Gradient Boosting for Probabilistic Prediction}",
      journal = {arXiv e-prints},
     keywords = {Computer Science - Machine Learning, Statistics - Machine Learning},
         year = 2019,
        month = oct,
          eid = {arXiv:1910.03225},
        pages = {arXiv:1910.03225},
archivePrefix = {arXiv},
       eprint = {1910.03225},
 primaryClass = {cs.LG},
       adsurl = {https://ui.adsabs.harvard.edu/abs/2019arXiv191003225D},
      adsnote = {Provided by the SAO/NASA Astrophysics Data System}
}


@ARTICLE{Agarwal_2018,
       author = {{Agarwal}, Shankar and {Dav{\'e}}, Romeel and {Bassett}, Bruce A.},
        title = "{Painting galaxies into dark matter haloes using machine learning}",
      journal = {\mnras},
     keywords = {galaxies: evolution, cosmology: theory, large-scale structure of Universe, Astrophysics - Astrophysics of Galaxies},
         year = 2018,
        month = aug,
       volume = {478},
       number = {3},
        pages = {3410-3422},
          doi = {10.1093/mnras/sty1169},
archivePrefix = {arXiv},
       eprint = {1712.03255},
 primaryClass = {astro-ph.GA},
       adsurl = {https://ui.adsabs.harvard.edu/abs/2018MNRAS.478.3410A},
      adsnote = {Provided by the SAO/NASA Astrophysics Data System}
}

@ARTICLE{Yongseok_2019,
       author = {{Jo}, Yongseok and {Kim}, Ji-hoon},
        title = "{Machine-assisted semi-simulation model (MSSM): estimating galactic baryonic properties from their dark matter using a machine trained on hydrodynamic simulations}",
      journal = {\mnras},
     keywords = {galaxies: formation, galaxies: statistics, galaxies: evolution, cosmology: dark matter, cosmology: large-scale structure of Universe, methods: numerical, Astrophysics - Astrophysics of Galaxies},
         year = 2019,
        month = nov,
       volume = {489},
       number = {3},
        pages = {3565-3581},
          doi = {10.1093/mnras/stz2304},
archivePrefix = {arXiv},
       eprint = {1908.09844},
 primaryClass = {astro-ph.GA},
       adsurl = {https://ui.adsabs.harvard.edu/abs/2019MNRAS.489.3565J},
      adsnote = {Provided by the SAO/NASA Astrophysics Data System}
}

@ARTICLE{BayesNN,
       author = {{Valentin Jospin}, Laurent and {Buntine}, Wray and {Boussaid}, Farid and {Laga}, Hamid and {Bennamoun}, Mohammed},
        title = "{Hands-on Bayesian Neural Networks -- a Tutorial for Deep Learning Users}",
      journal = {arXiv e-prints},
     keywords = {Computer Science - Machine Learning, Statistics - Machine Learning, 62-02 (Primary), G.3, I.2.6},
         year = 2020,
        month = jul,
          eid = {arXiv:2007.06823},
        pages = {arXiv:2007.06823},
archivePrefix = {arXiv},
       eprint = {2007.06823},
 primaryClass = {cs.LG},
       adsurl = {https://ui.adsabs.harvard.edu/abs/2020arXiv200706823V},
      adsnote = {Provided by the SAO/NASA Astrophysics Data System}
}

@ARTICLE{Calderon_2019,
       author = {{Calderon}, Victor F. and {Berlind}, Andreas A.},
        title = "{Prediction of galaxy halo masses in SDSS DR7 via a machine learning approach}",
      journal = {\mnras},
     keywords = {galaxies: clusters: general, galaxies: groups: general, cosmology: observations, large-scale structure of Universe, Astrophysics - Astrophysics of Galaxies, Astrophysics - Cosmology and Nongalactic Astrophysics},
         year = 2019,
        month = dec,
       volume = {490},
       number = {2},
        pages = {2367-2379},
          doi = {10.1093/mnras/stz2775},
archivePrefix = {arXiv},
       eprint = {1902.02680},
 primaryClass = {astro-ph.GA},
       adsurl = {https://ui.adsabs.harvard.edu/abs/2019MNRAS.490.2367C},
      adsnote = {Provided by the SAO/NASA Astrophysics Data System}
}

@ARTICLE{Zhang_2019,
       author = {{Zhang}, Xinyue and {Wang}, Yanfang and {Zhang}, Wei and {Sun}, Yueqiu and {He}, Siyu and {Contardo}, Gabriella and {Villaescusa-Navarro}, Francisco and {Ho}, Shirley},
        title = "{From Dark Matter to Galaxies with Convolutional Networks}",
      journal = {arXiv e-prints},
     keywords = {Astrophysics - Cosmology and Nongalactic Astrophysics, Computer Science - Machine Learning},
         year = 2019,
        month = feb,
          eid = {arXiv:1902.05965},
        pages = {arXiv:1902.05965},
archivePrefix = {arXiv},
       eprint = {1902.05965},
 primaryClass = {astro-ph.CO},
       adsurl = {https://ui.adsabs.harvard.edu/abs/2019arXiv190205965Z},
      adsnote = {Provided by the SAO/NASA Astrophysics Data System}
}

@ARTICLE{Kasmanoff_2020,
       author = {{Kasmanoff}, Noah and {Villaescusa-Navarro}, Francisco and {Tinker}, Jeremy and {Ho}, Shirley},
        title = "{dm2gal: Mapping Dark Matter to Galaxies with Neural Networks}",
      journal = {arXiv e-prints},
     keywords = {Astrophysics - Cosmology and Nongalactic Astrophysics},
         year = 2020,
        month = nov,
          eid = {arXiv:2012.00186},
        pages = {arXiv:2012.00186},
archivePrefix = {arXiv},
       eprint = {2012.00186},
 primaryClass = {astro-ph.CO},
       adsurl = {https://ui.adsabs.harvard.edu/abs/2020arXiv201200186K},
      adsnote = {Provided by the SAO/NASA Astrophysics Data System}
}

@article{BART,
author = {Hugh A. Chipman and Edward I. George and Robert E. McCulloch},
title = {{BART: Bayesian additive regression trees}},
volume = {4},
journal = {The Annals of Applied Statistics},
number = {1},
publisher = {Institute of Mathematical Statistics},
pages = {266 -- 298},
keywords = {Bayesian backfitting, boosting, CART, ‎classification‎, ensemble, MCMC, Nonparametric regression, probit model, random basis, regularizatio, sum-of-trees model, Variable selection, weak learner},
year = {2010},
doi = {10.1214/09-AOAS285},
URL = {https://doi.org/10.1214/09-AOAS285}
}

@ARTICLE{Nelson_2019,
       author = {{Nelson}, Dylan and {Springel}, Volker and {Pillepich}, Annalisa and {Rodriguez-Gomez}, Vicente and {Torrey}, Paul and {Genel}, Shy and {Vogelsberger}, Mark and {Pakmor}, Ruediger and {Marinacci}, Federico and {Weinberger}, Rainer and {Kelley}, Luke and {Lovell}, Mark and {Diemer}, Benedikt and {Hernquist}, Lars},
        title = "{The IllustrisTNG simulations: public data release}",
      journal = {Computational Astrophysics and Cosmology},
     keywords = {Methods: data analysis, Methods: numerical, Galaxies: formation, Galaxies: evolution, Data management systems, Data access methods, Distributed architectures, Astrophysics - Astrophysics of Galaxies, Astrophysics - Cosmology and Nongalactic Astrophysics, Astrophysics - Instrumentation and Methods for Astrophysics},
         year = 2019,
        month = may,
       volume = {6},
       number = {1},
          eid = {2},
        pages = {2},
          doi = {10.1186/s40668-019-0028-x},
archivePrefix = {arXiv},
       eprint = {1812.05609},
 primaryClass = {astro-ph.GA},
       adsurl = {https://ui.adsabs.harvard.edu/abs/2019ComAC...6....2N},
      adsnote = {Provided by the SAO/NASA Astrophysics Data System}
}
